3089 3733
1441 224 1674 306 „12-

265 380 576 445 Ame2.10ng⁸=.0
600 378 1164 453 comedent-eafflnsffior
1190 382 1236 433 ‚nt
1254 378 1517 437 ‘anomia
1537 378 2315 440 mmm-mammem
2341 380 2463 445 miv
2492 377 2857 446 namet-..m-

265 461 361 505 lites
388 461 496 503 inter
532 471 580 501 se
616 458 1265 515 commti-,moemstmm
1298 459 1525 518 mni,
1554 457 1765 517 nanim:
1786 459 1860 514 iis,
1892 459 2858 521 .qui.ne¹nm.›.>m‚mm‚2=mauem

267 539 396 582 Roma
425 538 548 580 acciri
576 543 731 593 posset,
761 540 1008 584 nescientes.
1067 539 1156 583 Jam
1181 539 1249 582 illa
1276 539 1403 582 verba
1431 542 1659 592 sequuntur
1691 551 1798 593 quae
1833 539 2046 582 attulimus.
2104 538 2150 580 In
2179 538 2327 593 quibus
2355 539 2518 594 qnidam
2544 540 2788 594 interpretes
2816 537 2859 581 id

271 618 544 674 offenderunt,
574 618 683 674 quod
702 620 912 664 exercitus
943 619 1147 664 diceretur
1173 631 1229 664 ex
1257 618 1403 676 injuria
1429 615 1655 668 maioni}
1672 617 1890 662 tnukerus
1922 629 2032 672 „non
2049 617 2243 675 intelligo,
2271 618 2414 674 inquit,
2445 618 2685 663 sententiam
2713 617 2859 662 borum

270 698 504 754 verborum·
561 698 633 742 Ex*
652 698 800 756 inim-,1-
827 700 1006 755 insanire
1035 699 1350 757 dicunturew
1378 711 1469 744 eam
1498 697 1937 754 nemnem-atem:
1955 698 2018 745 ms
2046 699 2197 756 injuria
2213 698 2482 757 mna-mna,
2507 697 2733 755 mma
2761 698 2859 753 ipsis

271 782 366 827 ‚orta
397 783 498 822 erat.
557 777 646 820 Nisi
683 779 774 834 quis
814 779 896 837 boc
928 780 987 837 ita
1004 818 1007 821 .
1025 778 1304 835 accipiendum
1342 782 1478 836 putet,
1515 781 1566 822 ut
1601 776 1740 835 Livius
1771 777 1981 837 significet
2013 779 2186 835 bosex
2213 789 2275 835 eq
2293 779 2452 838 genere
2472 777 2627 838 tuisse,
2667 777 2859 835 quicum

275 860 461 916 injuriam
497 858 582 901 aliis
618 858 815 913 fecerint,
853 843 976 914 idque
1013 859 1184 917 intelligi
1220 859 1385 903 videant
1412 860 1509 915 ipsi,
1546 858 1661 914 quasi
1699 857 1846 914 injuria
1891 864 2056 915 accepta
2095 859 2392 919 erpostulantff‘
2428 858 2528 907 vSic
2555 858 2755 906 Dukerus.
2791 858 2860 910 ,ln

276 940 447 998 eandem
476 940 721 983 sententiam
749 939 917 984 discedit
943 939 1225 993 Alschefskius
1259 940 1361 985 baec
1389 940 1550 984 dicens:
1593 937 1719 993 „Cum
1759 937 1811 980 de
1843 950 1890 982 se
1927 939 2006 993 ipsi
2038 940 2183 991 milites
2212 953 2384 998 suaque.
2406 939 2639 998 conditione
2661 938 2858 997 Judicent,

274 1024 391 1074 recte
419 1019 499 1063 dici
528 1023 665 1076 potest
704 1020 936 1074 „exercitus
965 1032 1020 1063 ex
1046 1020 1192 1077 injuria
1226 1020 1462 1065 insanientis
1491 1019 1665 1070 causa“;
1704 1030 1851 1074 magna
1880 1018 1988 1065 enim
2026 1019 2291 1076 injuriasibi.
2312 1019 2550 1072 videbantur
2577 1018 2743 1074 «affecti,
2781 1030 2860 1061 nec

276 1101 366 1146 sine
396 1101 587 1157 graviore
619 1112 740 1143 causa
769 1114 793 1143 a
821 1100 1028 1156 republica
1057 1100 1304 1155 secessisse,
1335 1101 1404 1155 qui
1433 1100 1499 1144 alii
1529 1114 1585 1144 ex
1615 1100 1700 1143 aliis
1730 1099 1862 1142 causis
1892 1103 2081 1153 tanquam
2119 1101 2229 1159 impii
2266 1102 2376 1145 cives
2412 1101 2461 1143 ab
2490 1100 2676 1145 exercitu
2705 1098 2861 1141 exclusi

277 1181 538 1236 quaestiones
566 1180 841 1236 suppliciaque
870 1181 1030 1236 passuri
1046 1180 1214 1234 Romam
1243 1181 1539 1224 mitterentur“.
1599 1181 1749 1223 Tamen
1769 1179 1837 1222 W.
1866 1180 1991 1222 verba
2013 1180 2250 1239 obscuriqra
2279 1194 2373 1225 esse
2403 1185 2557 1237 censet,
2587 1179 2696 1235 quod
2723 1178 2861 1223 Livius

276 1272 475 1316 nusquam
510 1260 890 1306 commemoraverit
923 1261 1014 1315 illos
1034 1261 1194 1304 -milites
1230 1260 1376 1316 injuria
1414 1259 1584 1303 affectos
1622 1272 1728 1302 esse.
1787 1258 1841 1301 At
1870 1271 2007 1303 nonne
2033 1259 2181 1314 Livius,
2200 1248 2298 1312 satis
2316 1261 2436 1305 ¹clare
2466 1261 2675 1314 indicavit,
2715 1259 2861 1314 quibus

275 1341 435 1397 injuriis
463 1340 520 1383 illi
548 1340 683 1384 affecti
711 1340 788 1383 sibi
817 1341 1062 1384 visiessent
1091 1345 1310 1396 querentes
1340 1352 1413 1382 eos
1442 1339 1596 1382 faciens
1626 1352 1662 1381 c.
1694 1338 1752 1381 38
1781 1339 1823 1392 S.
1849 1338 1899 1381 ⁷:
1939 1352 1999 1381 an
2039 1352 2259 1394 aequum
2298 1353 2423 1385 esse
2457 1345 2499 1383 et
2528 1353 2570 1395 q.
2600 1339 2751 1394 seqq.?
2808 1337 2862 1380 At

275 1419 387 1468 aliud
424 1423 550 1463 restat
589 1419 754 1476 dignum
792 1420 902 1475 quod
937 1421 1076 1476 paucis
1112 1420 1246 1465 verbis
1285 1420 1523 1475 explicetur.
1582 1419 1741 1461 Etenim
1777 1431 1863 1463 non
1900 1424 2067 1475 apparet
2088 1420 2231 1475 primo
2269 1419 2434 1474 obtutu,
2475 1419 2571 1479 quid
2600 1419 2765 1463 attineat
2803 1418 2862 1464 in·

278 1499 508 1545 salente-
536 1510 587 1544 ex
614 1498 770 1553 maria
799 1500 1025 1558 exercitum
1054 1500 1133 1543 hoc
1161 1500 1254 1543 loco
1284 1500 1435 1543 dicere.
1494 1499 1636 1542 Utrum
1664 1499 1872 1542 exercitus
1900 1500 2073 1544 insaniat
2100 1512 2178 1543 nec
2206 1512 2279 1554 ne,
2319 1501 2481 1545 minime
2509 1500 2715 1555 pertinere
2744 1499 2863 1542 vide-

278 1584 347 1624 tur
374 1579 425 1622 ad
454 1579 598 1622 ducem
628 1579 881 1635 eligendum,
910 1581 977 1622 cui
1015 1581 1104 1636 ejus
1134 1592 1256 1622 causa
1283 1584 1398 1622 recte
1429 1580 1710 1622 committatur.
1770 1579 1923 1622 Tamen
1950 1580 2014 1622 illa
2042 1581 2186 1632 verba,
2225 1581 2264 1623 si
2291 1593 2379 1628 rem
2411 1580 2637 1638 accuratius
2670 1580 2863 1622 conside-

277 1657 457 1710 raveris,
495 1670 579 1699 non
614 1657 859 1700 videbuntur
897 1660 1038 1701 otiosa.
1107 1659 1336 1713 Desperant
1374 1660 1481 1701 enim
1520 1671 1761 1711 quemquam
1803 1671 1926 1712 posse
1955 1660 2148 1711 inveniri,
2189 1660 2258 1712 qui
2297 1660 2455 1712 sciens,
2492 1662 2644 1712 quanto
2682 1658 2863 1712 periculo

281 1749 378 1781 sese
407 1737 642 1793 objecturus
673 1742 783 1781 esset
812 1751 933 1781 causa
971 1739 1177 1782 exercitus
1206 1739 1480 1794 suscipienda,
1518 1752 1609 1782 eam
1638 1743 1903 1793 suscepturus
1941 1744 2072 1792 esset,
2112 1744 2179 1782 aut
2209 1741 2294 1793 cui,
2334 1741 2369 1782 si
2408 1739 2497 1793 quis
2536 1752 2625 1781 eam
2655 1739 2863 1792 suscipere

282 1818 424 1873 vellet,
466 1832 517 1861 ea
546 1820 740 1861 committi
767 1807 922 1874 posset.
984 1819 1056 1861 Cui
1085 1820 1192 1862 enim
1220 1824 1333 1862 recte
1362 1820 1440 1863 nisi
1468 1820 1610 1863 iisdem
1638 1820 1795 1876 injuriis
1825 1821 1973 1863 affecto
2002 1833 2170 1875 eamque
2201 1821 2253 1862 ob
2285 1832 2445 1864 causam
2475 1825 2518 1862 et
2545 1820 2622 1874 ipsi
2649 1820 2863 1862 insanienti

280 1900 517 1942 insanientis
547 1900 755 1942 exercitus
785 1913 947 1943 causam
977 1901 1172 1950 committi
1198 1901 1354 1956 posse?

1400 2036 1554 2101 mv,
1591 2037 1670 2092 25.
1706 2037 1756 2091 2.

399 2139 531 2188 Quid
569 2139 705 2180 enim
743 2150 836 2180 sua
873 2142 1067 2193 sponte
1105 2139 1311 2183 secisse
1341 2139 1716 2194 Hieronymum
1755 2151 1992 2194 puerum,
2033 2151 2090 2181 ac
2129 2139 2338 2181 vixdum
2377 2138 2760 2193 pubescentem
2790 2138 2864 2181 fa-

282 2231 408 2263 cere
449 2217 729 2274 potuisse?

395 2297 598 2352 Fuerunt,
636 2298 705 2352 qui
734 2295 886 2342 fecisse
924 2297 1225 2353 exstirpandum
1263 2310 1356 2342 esse
1389 2303 1620 2344 censerent.
1679 2299 1844 2343 Fabrius
1875 2303 2031 2352 autem,
2072 2311 2309 2353 quamquam
2347 2312 2395 2341 ea
2425 2311 2528 2341 voce
2559 2299 2705 2342 omissa
2735 2298 2865 2341 oratio

281 2378 425 2422 melius
453 2377 682 2435 procedere
710 2377 940 2433 videretur,
977 2382 1111 2422 tamen
1150 2384 1292 2424 contra
1332 2381 1508 2424 omnium
1549 2380 1733 2423 codicum
1762 2381 2042 2423 auctoritatem
2082 2392 2170 2422 eam
2209 2391 2351 2422 vocem
2395 2378 2521 2422 deleri
2561 2378 2712 2421 debere
2744 2382 2866 2433 negat

284 2472 458 2514 eumque
495 2459 631 2502 locum
672 2458 733 2502 sic
769 2458 965 2515 explicat:
1009 2464 1157 2515 „negat
1194 2473 1266 2503 sua
1304 2466 1450 2515 sponte
1489 2460 1639 2503 fecisse
1680 2460 1895 2514 quidquam
1925 2459 2214 2513 Hieronymum
2243 2472 2412 2513 puerum
2449 2464 2571 2513 atque
2603 2460 2747 2511 etiam,
2787 2472 2865 2511 qua

282 2539 425 2584 aetatis
453 2538 722 2583 imbecillitate
750 2537 894 2593 suerit,
924 2552 978 2582 ne
1007 2540 1187 2594 potuisse
1209 2541 1378 2603 quidem
1407 2540 1587 2584 facere.“
1650 2539 1807 2596 Optima
1848 2553 1948 2583 sane
1984 2553 2033 2582 ea
2073 2540 2271 2582 sententia
2299 2544 2386 2594 est,
2424 2544 2464 2581 at
2493 2551 2576 2582 non
2605 2538 2766 2581 videtur
2795 2539 2863 2580 in—
2933 2585 2935 2587 ¹

220 2626 227 2632 '
281 2632 377 2664 esse
403 2619 507 2665 Livii
534 2620 684 2663 verbis.
743 2620 831 2663 Nec
861 2620 970 2663 enim
999 2633 1090 2663 eam
1119 2621 1199 2662 vim
1229 2621 1353 2664 verba
1382 2631 1435 2666 ιθ
1463 2622 1623 2667 vixdum
1653 2621 1943 2681 pubescentem
1985 2621 2135 2664 habere
2164 2620 2352 2663 videntur
2390 2632 2510 2676 posse
2551 2633 2670 2674 quam
2699 2619 2866 2662 Fabrius

281 2701 429 2754 statuit
446 2702 738 2755 interpretans,
770 2710 852 2755 qn
880 2698 1011 2746 fuerit
1039 2701 1198 2746 aetatis
1224 2700 1518 2746 imbecillium.
1578 2704 1805 2746 Pubescere
1835 2705 1944 2746 enim
1975 2704 2043 2757 qui
2073 2702 2218 2745 dicitur
2246 2715 2370 2758 puer,
2407 2703 2442 2744 is
2482 2701 2639 2744 accedit
2669 2701 2719 2743 ad
2750 2705 2866 2744 aeta-

280 2785 365 2824 tem
394 2781 707 2835 adolescentuli,
736 2782 770 2824 is
798 2794 927 2837 prope
959 2783 1139 2825 excessit
1168 2782 1345 2836 pueriles
1375 2794 1516 2824 annos.
1577 2783 1680 2832 Quid
1708 2785 1864 2839 igitur?
1924 2783 2122 2825 Videntur
2162 2783 2286 2826 verba
2327 2782 2443 2824 aliter
2481 2794 2529 2823 ac
2557 2781 2691 2838 solent
2720 2781 2866 2823 distin-

283 2861 455 2916 guenda.
517 2861 612 2904 Non
642 2861 790 2903 debent
817 2864 1009 2917 separari,
1043 2867 1087 2905 ut
1116 2863 1360 2916 interpretes
1391 2863 1599 2918 fecerunt,
1637 2877 1853 2918 puerum
1892 2878 1949 2907 ac
1990 2864 2200 2906 vixdum
2229 2863 2614 2917 pubescentem
2643 2862 2717 2904 sed
2748 2874 2866 2903 com-

282 2945 389 2983 mate
416 2941 664 2996 transposito
696 2941 978 2999 conjungenda
1006 2943 1171 2985 suntin
1200 2942 1309 2985 hunc
1338 2943 1522 2986 modum:
1553 2944 1678 2998 quid
1717 2945 1853 2987 enim
1883 2957 1977 2987 sua
2007 2948 2201 2999 sponte
2238 2943 2444 2986 secisse
2473 2943 2863 2997 Hieronymum,

284 3021 429 3065 deinde
468 3021 755 3079 conjungenda
793 3026 886 3065 sunt
913 3035 1132 3078 puerum
1170 3036 1227 3066 ac
1266 3023 1477 3066 vixdum
1517 3025 1903 3080 pubescentem
1944 3025 2126 3068 facere
2167 3025 2427 3079 potuisse.
2492 3023 2711 3076 Utriusque
2750 3019 2865 3064 verbi

280 3102 509 3159 subiectum
537 3107 601 3146 est
628 3101 1027 3159 Hieronymum,
1065 3105 1132 3148 cui
1173 3105 1215 3147 in
1253 3104 1382 3147 altero
1422 3106 1602 3148 membro
1640 3107 1798 3150 additur
1839 3106 2101 3161 appositionis
2140 3107 2256 3161 loco,
2297 3117 2514 3161 puerum
2554 3117 2613 3150 ac
2652 3101 2864 3144 vixdum

282 3186 681 3241 pubescentem.
742 3184 931 3228 Gradatio
967 3186 1114 3245 igitur,
1143 3197 1274 3244 ¹quam
1308 3190 1422 3229 recte
1451 3185 1519 3245 W.
1549 3187 1743 3242 requirit,
1783 3187 2012 3230 continetur
2049 3187 2174 3230 verbo
2212 3184 2412 3242 potuisse.
2470 3182 2762 3246 Negatmigitur
2790 3191 2864 3221 sua

280 3269 429 3321 sponte
458 3263 674 3320 quidquam
704 3265 854 3310 fecisse
882 3266 1171 3324 Hieronymum
1202 3289 1257 3300 -
1287 3279 1339 3310 ne
1369 3267 1617 3322 potuisse
1649 3267 1811 3324 quidem
1839 3266 2001 3324 facere,
2039 3268 2186 3324 quippe
2223 3268 2292 3323 qui
2321 3279 2424 3323 puer
2451 3269 2562 3312 esset
2594 3276 2646 3325 ac
2684 3261 2754 3305 vix
2781 3271 2863 3315 pu-
