3089 3733
1485 257 1545 323 11

1410 332 1647 341 ——o

1321 412 1720 487 mmai,

345 525 446 588 Sed
483 524 610 583 quid
648 518 815 570 ultro⁴
840 526 1030 568 metum
1066 503 1278 569 inferre
1314 526 1460 572 hosti
1496 527 1550 573 et
1586 526 1657 572 ab
1683 537 1741 570 se
1775 529 1983 571 remoto
2020 526 2271 584 periculo
2308 527 2464 570 alium
2509 530 2562 573 ἰιι
2601 529 2797 575 discri-

231 618 343 651 men
381 607 651 651 adducere
692 604 849 661 quale
885 605 958 648 sit
995 596 1279 649 veteribus
1318 609 1681 664 externisque
1718 607 1981 662 exemplis
2019 606 2307 669 admonere
2344 619 2475 664 opus
2514 611 2628 652 est?

344 687 402 732 Ea
439 686 567 731 verba
601 689 828 741 sequuntur
871 685 915 728 iu
952 685 1249 729 recentioribus
1288 687 1407 731 codd.
1445 687 1572 732 haec:
1619 686 1788 742 maJus
1833 667 2296 741 praesentiusque
2346 688 2638 743 exemplum
2676 700 2800 733 esse

230 778 379 823 quam
405 755 668 811 Hannibal
694 764 910 821 potest?
966 763 1026 808 Ea
1052 765 1178 808 verbu
1206 765 1273 809 W.
1303 766 1437 823 ejecit.
1495 765 1716 810 Auffimns
1741 765 1894 821 ipsum:
1925 766 2014 821 „sie
2042 765 2315 822 entspmcben
2333 766 2461 822 Jeneu
2489 766 2665 810 Worten
2693 767 2800 826 (ve-

230 848 386 891 teribus
417 835 681 901 externisqoe
709 842 934 902 exemplis)
963 844 1075 887 nicht
1105 854 1263 902 geum,
1301 847 1385 890 und
1422 846 1498 889 der
1524 844 1689 888 Redner
1716 844 1868 888 kounte
1898 845 2040 889 diesen
2070 844 2292 888 Gedanken
2319 847 2508 889 eri-athen
2536 847 2692 901 lassen,
2729 862 2799 891 um

231 927 428 971 :meast
465 922 539 969 aus
567 919 643 969 der
670 908 799 968 natur
837 916 1069 988 der'saohe
1104 925 1160 968 im
1189 925 1419 983 cegensatz
1452 938 1507 969 zu
1542 926 1623 970 den
1650 925 1876 982 Reispielen
1912 927 2058 970 seim
2086 926 2246 969 Beweis
2285 939 2338 969 zu
2375 926 2542 982 maren,
2582 929 2627 981 s.
2657 928 2798 984 2—-3‚

231 1006 339 1050 daun
367 1005 439 1050 das
455 1004 629 1061 Beispiel
643 1003 860 1048 Hanuibals
886 1003 1091 1048 berani-en
1118 1005 1202 1049 und
1229 1005 1358 1049 durch
1387 1004 1572 1049 dasselbe
1600 1006 1788 1064 zugleich
1817 1005 1897 1049 den
1913 1006 2161 1064 Uebergang
2188 1011 2244 1049 zu'
2269 1005 2349 1049 den
2376 1018 2459 1049 von
2487 1006 2567 1051 den
2590 1007 2799 1053 italiscben

231 1099 337 1144 ganz
365 1086 690 1130 verschiedenen
709 1084 1013 1129 Verbaltnissen
1041 1087 1084 1129 in
1103 1085 1243 1130 Astika
1271 1086 1484 1130 machen.“
1544 1087 1650 1132 Saue
1677 1088 1808 1143 potuit
1835 1088 2014 1143 scriptor
2043 1088 2195 1130 omisso
2225 1087 2453 1130 Hannibalis
2481 1089 2671 1145 exemplo
2699 1103 2800 1145 per-

230 1179 333 1224 gere
363 1166 414 1210 ad
441 1179 529 1210 rem
556 1179 632 1222 per
659 1178 706 1209 se
735 1166 1107 1221 demonstrandam,
1146 1171 1289 1224 postea
1317 1167 1547 1210 Hannibalis
1577 1168 1805 1224 exemplum
1835 1172 2235 1211 commemoraturus.
2293 1167 2387 1210 Nou
2414 1170 2566 1224 potuit,
2603 1170 2641 1212 si
2679 1170 2720 1213 id
2757 1172 2799 1214 in

231 1250 365 1292 animo
393 1249 550 1304 babuit,
594 1249 643 1292 ab
683 1249 878 1305 exemplis
906 1247 1070 1304 prolatis
1108 1249 1160 1293 ad
1188 1254 1371 1293 naturam
1407 1259 1546 1293 rerum
1584 1247 1866 1303 exponendam
1903 1251 2236 1304 transgressurus
2272 1247 2352 1291 hoc
2390 1247 2550 1293 dicere:
2591 1249 2666 1293 sed
2704 1251 2800 1306 quid

230 1329 338 1372 ultro
374 1333 523 1372 metum
551 1328 703 1371 inferre
732 1329 838 1371 hosti
865 1353 922 1360 —
949 1328 1157 1374 veteribus
1192 1327 1454 1383 exter-isque
1488 1327 1749 1384 exemplis
1796 1326 2082 1370 admonere
2128 1339 2258 1382 opus
2299 1328 2413 1371 est?
2455 1329 2670 1373 multum
2720 1331 2797 1373 in-

230 1412 420 1451 terest.
478 1408 625 1451 Dicere
653 1408 803 1463 potuit:
845 1408 947 1458 Quid
977 1420 1078 1464 opus
1109 1413 1174 1451 est
1200 1407 1398 1464 exemplis
1427 1406 1645 1451 admonere
1674 1407 1818 1462 reliqq.
1829 1421 1844 1459 ς
1871 1420 1949 1463 per
1978 1420 2025 1450 se
2054 1412 2164 1463 patet
2193 1408 2356 1450 multum
2389 1409 2603 1452 interesse.
2664 1410 2706 1453 Si
2734 1422 2798 1456 ve·

229 1489 325 1534 tera
351 1489 535 1544 exempla
563 1489 811 1543 externaque
838 1489 1012 1544 scriptor
1040 1490 1163 1543 dixit,
1201 1501 1285 1532 non
1323 1489 1454 1544 potuit
1489 1500 1573 1531 non
1612 1500 1819 1544 opponere
1858 1488 1933 1530 alia
1972 1488 2181 1543 exempla,
2218 1500 2321 1542 quae
2362 1500 2441 1531 nec
2480 1493 2620 1532 vetera
2660 1497 2799 1534 essent

229 1583 308 1613 nec
332 1574 517 1613 externa.
574 1569 663 1613 Jam
683 1569 753 1624 qui
783 1569 824 1612 id
853 1569 1034 1624 offendit,
1065 1569 1175 1625 quod
1194 1569 1301 1623 huic,
1330 1566 1439 1624 quod
1468 1568 1652 1626 adjungit
1679 1569 1920 1624 exemplum,
1950 1568 2060 1612 addit
2088 1568 2276 1612 attributa
2303 1567 2434 1622 majus
2459 1570 2799 1627 praesentiusque

231 1650 310 1692 illis
337 1661 421 1692 non
456 1649 576 1705 plane
605 1650 828 1703 contraria,
868 1651 902 1692 is
941 1650 1060 1692 nimis
1097 1650 1280 1706 augustis
1315 1649 1460 1692 finibus
1498 1649 1710 1705 scriptoris
1736 1650 1940 1705 ingenium
1975 1650 2310 1692 circumscribere
2337 1649 2508 1692 videtur.
2567 1650 2797 1695 Hannibalis

230 1729 460 1785 exemplum
499 1741 582 1771 non
619 1730 749 1771 solum
788 1742 935 1791 recens
973 1720 1020 1772 et'
1054 1731 1183 1791 magis
1222 1730 1272 1772 ad
1302 1730 1505 1794 Romanos
1542 1730 1752 1784 pertinens
1787 1729 1859 1771 sed
1887 1730 2008 1771 etiam
2038 1730 2253 1771 maximum
2289 1729 2474 1770 fortunae
2503 1729 2700 1773 humanae
2730 1733 2798 1774 vi-

231 1809 473 1852 cissitudinis
501 1812 578 1852 est.

345 1889 449 1932 Satis
477 1889 608 1931 babeo
635 1889 896 1945 exposuisse,
933 1901 1007 1931 cur
1033 1889 1100 1930 illa
1128 1889 1255 1931 verba
1282 1889 1377 1930 huic
1404 1889 1499 1930 loco
1528 1887 1739 1929 retinenda
1771 1889 1865 1929 mihi
1890 1889 2125 1939 videantur3
2155 1902 2251 1929 num
2280 1888 2341 1929 sas
2369 1889 2434 1941 sit,
2466 1889 2590 1930 verba
2618 1890 2686 1930 vel
2715 1902 2795 1945 op-

229 1970 323 2012 time
352 1969 445 2011 loco
475 1970 758 2012 convenientia
786 1970 867 2011 imo
897 1969 1148 2024 necessaria,
1177 1970 1213 2011 si
1243 1970 1287 2010 in
1314 1968 1612 2012 recentioribus
1640 1971 1794 2010 tantum
1827 1968 1943 2009 codd.
1975 1969 2243 2022 inveniantur,
2273 1969 2464 2021 retinere,
2495 1968 2559 2008 alii
2589 1969 2758 2010 videant.

1294 2128 1508 2201 mm,
1542 2127 1618 2184 44.
1651 2126 1724 2183 18.

344 2243 396 2287 Si
424 2242 539 2287 1118
572 2242 675 2286 alia
704 2255 783 2295 re,
813 2242 1077 2285 modestia
1106 2248 1257 2286 certe
1285 2248 1338 2286 et
1376 2241 1722 2298 temperando
1759 2241 1980 2298 linguae
2019 2240 2343 2284 adolescens
2381 2254 2557 2283 senem
2596 2242 2792 2285 vicero.

339 2324 578 2377 Discrepant
607 2323 713 2365 inter
745 2336 791 2364 se
829 2322 919 2366 libri
948 2323 998 2365 de
1036 2323 1213 2367 lectione
1250 2323 1339 2369 1118
1372 2337 1430 2366 re
1469 2328 1538 2366 aut
1573 2323 1700 2368 11118.
1751 2322 1816 2364 W.
1851 2323 2011 2376 quidem
2043 2322 2291 2365 Gronovium
2329 2328 2491 2365 secutus
2522 2324 2676 2377 recepit
2705 2323 2796 2368 1118

227 2404 348 2459 idque
387 2405 441 2446 ita
481 2403 683 2457 defendit,
727 2407 770 2445 ut
808 2403 935 2446 dicat:
982 2417 1053 2458 „es
1091 2404 1189 2447 lasst
1226 2402 1566 2456 unentschieden,
1612 2402 1663 2444 ob
1704 2415 1751 2444 er
1788 2401 1856 2444 ihn
1893 2403 1995 2444 auch
2038 2404 2078 2444 in
2110 2403 2257 2445 andrer
2285 2402 2516 2458 Beziehung
2544 2402 2796 2446 iibertrell'en

228 2485 390 2538 werde,
421 2484 520 2526 aber
549 2483 614 2525 die
643 2484 901 2540 Miiglichkeit
932 2485 1034 2527 dazu
1063 2485 1172 2527 offen
1205 2507 1262 2515 —
1292 2484 1329 2528 sl
1355 2477 1484 2534 11118,
1500 2483 1653 2527 konnte
1692 2483 1796 2525 nach
1835 2483 1925 2525 dem
1956 2484 2092 2539 Tone,
2133 2485 2206 2526 der
2243 2497 2292 2525 an
2332 2484 2405 2525 der
2434 2484 2558 2527 Stelle
2595 2485 2794 2538 henscht,

227 2565 452 2619 bedeuten,
482 2564 575 2619 dass
604 2577 651 2607 er
679 2563 894 2620 Anspruch
922 2564 1065 2609 darauf
1090 2565 1243 2619 macht,
1281 2565 1350 2607 ibn
1376 2564 1505 2608 sehon
1543 2564 1584 2606 in
1621 2563 1769 2606 andrer
1796 2563 2032 2621 Beziehung
2073 2578 2126 2607 zu
2164 2564 2450 2607 iibertreffen.“
2512 2565 2601 2607 Alia
2639 2567 2793 2623 ratione

229 2644 459 2688 Gronovius
487 2644 593 2688 illam
623 2645 840 2687 lectionem
869 2645 1060 2689 defendit.
1125 2645 1366 2700 „Sperabat,
1391 2645 1524 2700 ,inquit
1552 2643 1643 2698 ille,
1681 2643 1815 2686 multis
1855 2645 1941 2687 aliis
1982 2656 2145 2699 quoque
2183 2645 2249 2687 vel
2288 2645 2423 2699 potius
2460 2646 2643 2687 omnibus
2671 2645 2793 2687 rebus

226 2738 319 2769 sese
347 2730 629 2782 superaturum
658 2726 828 2782 gloriam
848 2726 977 2771 Fabii:
1006 2732 1084 2770 tam
1114 2739 1245 2769 mares
1275 2726 1443 2782 gerebat
1472 2726 1634 2781 spiritus
1665 2725 1801 2781 Scipio
1832 2738 1915 2768 non
1948 2739 2001 2769 ex
2031 2726 2181 2768 invidia
2210 2730 2280 2769 aut
2309 2727 2483 2769 vanitate
2511 2726 2582 2769 sed
2612 2740 2666 2768 ex
2694 2739 2794 2770 vera

227 2808 474 2850 conscientia
503 2819 691 2850 verarum
719 2807 795 2850 sibi
825 2808 1032 2853 insitarum
1061 2809 1251 2851 virtutum
1282 2813 1323 2850 et
1351 2820 1492 2850 eorum
1522 2819 1626 2862 quae
1654 2807 1732 2862 jam
1762 2811 1948 2863 gesserat
1975 2812 2184 2862 respectu:
2216 2808 2255 2849 id
2285 2807 2395 2861 quod
2423 2812 2506 2849 tota
2533 2807 2632 2849 baec
2661 2808 2792 2850 oratio

227 2887 381 2929 clamat.
441 2885 552 2942 Ergo
583 2888 618 2929 si
647 2887 753 2931 ulla:
784 2900 875 2929 nam
906 2888 1072 2931 alterum
1104 2893 1167 2930 est
1194 2890 1320 2943 magis
1354 2887 1605 2942 desperantis
1634 2891 1703 2929 aut
1733 2887 2058 2941 desperationem
2088 2901 2185 2942 prae
2215 2900 2261 2930 se
2292 2887 2499 2931 serentis.“

291 3010 294 3012 ,
341 2967 488 3012 Mirum
515 2973 599 3023 est,
618 2973 881 3025 ⁴quantopere
909 2971 1016 3013 inter
1045 2970 1306 3026 sedifferant
1336 2969 1528 3012 Gronovii
1556 2973 1599 3012 et
1628 2968 1952 3012 Weissenbornii
1975 2969 2146 3024 judicia:
2186 2969 2252 3012 ille
2288 2969 2404 3022 dicit,
2441 2967 2555 3013 11118
2585 2981 2678 3011 esse
2715 2968 2792 3011 de-

226 3049 426 3105 sperantis
456 3054 525 3092 aut
546 3050 868 3106 desperationem
889 3063 986 3106 prae
1007 3051 1261 3104 seierentis,
1292 3051 1343 3092 ob
1362 3062 1531 3104 eamque
1551 3034 1713 3092 cansam
1743 3054 1954 3105 praeoptat
1981 3049 2087 3101 11183
2116 3049 2180 3092 hic
2211 3049 2393 3092 concedit
2421 3048 2536 3093 11118
2564 3049 2791 3105 siguificare

226 3142 372 3187 posse,
402 3129 637 3186 Scipionem.
655 3132 735 3175 boc
764 3132 839 3175 sibi
868 3144 1054 3189 sumere,
1084 3138 1129 3178 ut
1158 3116 1392 3181 etiamaliis
1423 3130 1546 3174 rebus
1575 3130 1685 3173 illum
1715 3143 1738 3172 a
1768 3143 1815 3173 se
1845 3131 1952 3172 vinci
1980 3130 2100 3173 dicat.
2719 3124 2731 3135 “

339 3210 391 3253 Ut
419 3216 628 3268 appareat,
666 3216 758 3255 utra
788 3213 868 3256 utri
893 3212 1020 3272 lectio
1041 3212 1310 3271 praeferenda
1339 3213 1411 3267 sit,
1449 3212 1724 3270 quaerendum
1755 3217 1840 3266 est,
1882 3224 2003 3266 quam
2040 3215 2212 3266 utraque
2249 3211 2327 3252 vim
2347 3210 2533 3264 babeat,
2564 3210 2684 3263 idque
2723 3211 2791 3253 in-

227 3293 441 3349 venietur,
462 3293 501 3337 si
530 3294 630 3338 alios
659 3294 774 3338 locos
805 3307 829 3337 a
859 3294 927 3337 W.
960 3295 1121 3351 allatos,
1150 3296 1192 3342 in
1222 3295 1365 3350 quibus
1394 3293 1502 3339 11118
1532 3299 1601 3337 aut
1625 3295 1757 3338 simile
1792 3295 2033 3337 vocabulum
2061 3294 2280 3348 invenitur,
2311 3293 2656 3351 perpenderimus.

2314 3360 2342 3404 3
