3089 3733
261 431 368 476 diam
395 431 546 484 aciem,
585 425 693 471 οὔτε
720 425 928 477 μένοντες
956 427 1152 488 ἐνεργεῖν
1185 442 1230 470 τι
1264 425 1374 470 τῶν·
1396 422 1605 471 &riwes
1633 425 1735 472 οἷοι·
1757 420 1923 486 τ’ἦσαν
1949 427 1983 471 i.·
2009 440 2049 471 e.
2090 428 2268 472 nondum
2305 429 2357 473 ad
2396 430 2465 474 teli
2501 431 2731 487 conjectum
2766 443 2844 474 ve-

262 517 419 557 nerant.
479 511 592 562 Quae
622 510 657 553 si
688 522 786 553 vera
814 515 931 566 sunt,
962 510 1059 555 nihil
1086 511 1246 554 videtur
1274 520 1423 552 causae
1452 520 1563 563 esse,
1594 509 1669 553 cur
1697 509 1748 553 ad
1776 509 2037 565 conjecturas
2059 508 2339 553 decimatur..

1341 645 1556 727 nrm,
1599 638 1773 712 ιιι-·ιι.

381 777 514 826 Quid
545 777 591 818 si
619 798 676 806 —
706 776 848 831 quod
877 787 1058 817 omnes
1087 773 1170 816 dei
1201 785 1350 816 omen
1379 779 1628 817 avertant
1659 779 1712 817 et
1742 774 1928 817 dicere
1965 774 2122 817 etiam
2151 765 2465 816 reformidat
2499 774 2722 829 animuS,
2754 773 2844 816 sed

265 869 398 913 quae
436 855 749 899 acciderunt
785 855 1037 898 accidere
1081 859 1313 909 possunt
1349 878 1406 885 —
1441 855 1494 898 ct
1530 855 1711 897 victor
1749 854 2013 898 Hannibal
2048 854 2127 895 ire
2166 852 2227 895 ad
2264 853 2444 895 urbem
2482 858 2696 912 perget,
2738 858 2841 896 tum

263 937 464 981 demum
506 940 559 978 te
596 935 871 978 consulem
909 947 974 977 ex
1009 934 1195 977 Africa
1232 935 1376 977 sicut
1404 935 1453 985 Q.
1483 934 1722 976 Fulvium
1754 947 1778 977 a
1807 934 1979 988 Capua
2019 931 2388 976 arcessemus?
2426 933 2584 987 quid?
2623 932 2761 988 quod
2794 933 2842 975 in

263 1016 449 1060 Africa
489 1026 701 1070 quoque
738 1014 877 1058 Mars
916 1016 1207 1058 communis
1246 1014 1380 1058 belli
1418 1014 1556 1057 erit?

379 1108 426 1150 ln
464 1107 610 1162 quibus
639 1106 776 1148 verbis
805 1106 872 1148 W.
901 1107 945 1150 et
973 1107 1146 1149 victor
1177 1106 1395 1149 offensioni
1424 1109 1505 1148 est:
1548 1104 1658 1159 „und
1696 1117 1807 1147 zwar
1835 1104 1894 1148 als
1931 1103 2097 1161 Sieger,
2137 1104 2342 1148 s.c.44.
2373 1103 2449 1159 11,
2489 1105 2599 1148 nicht
2637 1117 2709 1149 aus
2737 1106 2845 1148 Noth

264 1189 344 1230 wie
377 1187 449 1240 26,
479 1187 507 1227 9
537 1186 582 1240 f.,
616 1186 722 1228 doch
749 1153 802 1228 ist
830 1186 897 1228 die
929 1186 1197 1243 Verbindung
1225 1186 1338 1239 hart,
1376 1184 1486 1227 nicht
1515 1185 1671 1228 minder
1699 1185 1818 1238 aber,
1858 1195 1980 1226 wenn
2009 1196 2103 1227 man
2131 1184 2252 1227 einen
2280 1184 2395 1229 Satz.
2435 1185 2545 1239 quod
2574 1185 2739 1240 accidit,
2770 1198 2844 1229 ac-

265 1269 374 1312 cidet
402 1272 610 1325 ergiinzen
639 1267 788 1310 wollte.
796 1268 818 1291 ‘⁴
879 1268 979 1311 Mihi
1015 1269 1209 1324 particula
1247 1267 1472 1322 copulativa
1508 1266 1634 1310 verba
1672 1266 1852 1308 victor
1888 1264 2149 1307 Hannibal
2185 1269 2228 1308 et
2256 1277 2297 1320 q.
2326 1276 2389 1319 sq.
2429 1266 2621 1322 conjungi
2656 1265 2844 1309 videntur

265 1362 358 1393 cum
387 1361 438 1392 ea
463 1349 689 1403 sententia,
719 1360 840 1402 quam
869 1348 1050 1392 dicturus
1079 1348 1211 1392 fuerat
1240 1347 1407 1401 Fabius,
1446 1346 1519 1390 sed
1549 1359 1603 1389 ne
1632 1346 1735 1389 male
1764 1345 2032 1398 ominaretur,
2062 1345 2245 1400 reticuit,
2284 1346 2392 1390 hunc
2419 1347 2463 1388 in
2490 1347 2673 1390 modum:
2714 1346 2764 1391 Si
2801 1347 2842 1389 P.

262 1428 508 1471 Licinius
546 1427 700 1470 fusus
739 1428 845 1470 erit
885 1432 937 1470 et
976 1428 1157 1470 victor
1194 1427 1242 1470 Η,
1281 1427 1362 1468 ire
1400 1425 1456 1468 ad
1496 1425 1677 1468 urbem
1718 1429 1926 1482 perget.
1986 1423 2028 1467 Si
2059 1446 2115 1454 —
2145 1428 2208 1468 est
2241 1426 2504 1482 aposiopesis.

1348 1570 1756 1644 xxvm,43.4.

378 1694 466 1737 Sic
500 1692 638 1735 enim
674 1692 912 1736 honores
948 1704 1074 1736 suos
1111 1698 1163 1736 et
1200 1693 1384 1736 famam
1418 1705 1595 1736 rerum
1630 1696 1901 1748 gestarum
1937 1691 2136 1734 extulit
2172 1691 2356 1733 verbis
2395 1691 2454 1735 ad
2490 1693 2845 1749 exstinguen-

265 1774 379 1815 dum
425 1771 665 1813 invidiae
713 1773 936 1826 crimen,
986 1777 1234 1827 tanquam
1283 1773 1407 1815 mihi
1454 1772 1513 1814 ab
1562 1771 1751 1814 infimo
1801 1782 2012 1826 quoque
2057 1770 2354 1826 periculum
2401 1770 2494 1824 sit,
2544 1782 2606 1814 ne
2648 1785 2845 1816 mecum

264 1853 586 1907 aemuletur,
627 1857 680 1895 et
717 1864 819 1895 non
858 1853 917 1895 ab
956 1865 1043 1908 eo,
1094 1854 1181 1908 qui
1221 1854 1344 1908 quia
1383 1857 1808 1908 super-ceteros
1849 1851 2112 1904 excellat,
2161 1860 2365 1905 quoque
2404 1851 2505 1893 niti
2543 1863 2646 1894 non
2686 1853 2845 1897 dissi-

264 1935 426 1988 mulo,
466 1946 541 1975 me
580 1934 685 1975 sibi
722 1935 947 1988 aequari
986 1934 1135 1977 nolit.

381 2022 556 2081 Vulgata
583 2022 705 2066 lectio
736 2035 860 2078 quum
888 2022 1033 2066 fuisset
1060 2033 1142 2078 quo
1167 2033 1230 2069 me
1259 2033 1442 2078 quoque,
1471 2023 1510 2066 J.
1544 2023 1609 2065 Fr.
1643 2021 1894 2075 Gronovius,
1934 2021 2027 2075 quia
2059 2021 2183 2064 verba
2219 2031 2301 2075 qno
2329 2032 2392 2066 me
2421 2023 2465 2065 in
2494 2023 2613 2066 codd.
2643 2024 2845 2079 deessent,

266 2116 316 2147 ea
351 2104 507 2160 rejecta
543 2103 700 2147 censuit
734 2102 953 2160 legendum
993 2113 1074 2158 quo
1112 2103 1156 2148 et
1184 2114 1246 2148 me
1285 2108 1327 2147 et
1366 2117 1471 2158 quae
1515 2115 1631 2156 seqq.
1668 2101 2020 2144 Drakenborchius
2058 2101 2175 2144 codd.
2212 2102 2428 2144 lectionem
2462 2112 2620 2157 quoque
2655 2104 2847 2159 defendit,

267 2196 441 2228 censens
471 2192 629 2239 quoque
660 2194 734 2237 pro
763 2182 807 2228 ct
835 2193 916 2238 quo
946 2183 1222 2239 accipiendum
1253 2188 1295 2227 et
1323 2195 1548 2238 pronomen
1586 2193 1647 2227 ne
1678 2183 1870 2225 omissum
1909 2194 2003 2225 esse
2034 2182 2144 2236 quod
2183 2183 2312 2225 verbo
2348 2181 2560 2228 dissi-ulo
2596 2185 2703 2228 insit.
2761 2187 2847 2241 Cui,

264 2265 411 2318 miror,
452 2263 562 2318 quod
590 2262 657 2305 W.
687 2275 878 2307 assensus
909 2269 972 2306 est
1002 2265 1233 2319 complures
1262 2263 1378 2306 locos
1411 2263 1585 2316 addenS,
1627 2264 1668 2305 in
1700 2263 1843 2318 quibus
1874 2268 1915 2305 et
1944 2263 2041 2317 ipsis
2070 2262 2173 2317 subj.
2204 2263 2272 2304 inf.
2305 2264 2571 2318 supplendum
2600 2266 2673 2319 sit,
2705 2270 2749 2308 ut
2777 2267 2847 2321 31,

268 2343 308 2386 1.
342 2343 379 2385 1.
411 2344 517 2386 etsi
557 2343 817 2398 profiteri
856 2357 1034 2387 ausum
1075 2345 1509 2399 perscripturum
1549 2357 1636 2386 res
1683 2357 1859 2386 omnes
1897 2343 2180 2394 Romanam
2220 2344 2267 2397 2,
2310 2344 2376 2386 12.
2413 2345 2476 2387 14.
2507 2346 2754 2401 Juberem
2793 2371 2848 2378 —

264 2428 435 2466 macte
476 2434 621 2474 esse;
663 2422 740 2477 27,
774 2422 841 2465 19.
872 2423 914 2467 9.
954 2423 1222 2466 Numidam
1262 2435 1383 2466 esse
1422 2423 1519 2477 ait,
1563 2424 1659 2477 quin
1690 2425 1809 2466 etiam
1840 2424 1882 2465 Z.
1913 2425 1953 2477 S.
1984 2423 2069 2466 605
2099 2424 2239 2466 citans.
2307 2424 2471 2467 Frustra
2490 2425 2542 2468 'ni
2571 2425 2700 2468 fallor.
2759 2427 2850 2469 Pri-

264 2516 373 2546 mum
401 2504 507 2545 enim
537 2516 712 2558 quaero:
744 2506 810 2546 cui
839 2505 1000 2547 tandem
1031 2506 1256 2547 sententiae
1275 2505 1490 2558 sententia,
1523 2516 1604 2558 quo
1635 2505 1706 2546 niti
1740 2515 1823 2545 non
1853 2504 2071 2557 dissimulo,
2102 2515 2177 2558 per
2204 2504 2437 2558 particulam
2466 2515 2545 2560 que
2574 2503 2849 2563 adJungatur?

265 2583 435 2636 Deinde,
464 2596 560 2625 num
587 2583 653 2626 illa
681 2584 866 2640 exempla
896 2587 1128 2640 comparari·
1149 2585 1306 2640 possint
1334 2597 1425 2627 cum
1454 2584 1546 2638 hoc,
1577 2585 1618 2626 in
1649 2596 1731 2638 quo
1763 2584 1885 2626 cardo
1915 2596 2052 2626 rerum
2079 2588 2266 2627 versatur
2295 2585 2337 2627 in
2368 2584 2621 2641 opponendis
2661 2585 2850 2641 Scipione

266 2666 309 2706 et
337 2662 474 2705 Fabio.
541 2663 739 2706 Monstret
778 2664 872 2706 mihi
911 2665 1107 2720 quispiam
1146 2664 1399 2719 exemplum,
1440 2664 1482 2705 in
1520 2676 1602 2718 quo
1642 2664 1683 2707 id
1719 2665 1851 2719 ipsum
1890 2663 2127 2706 vocabulum
2165 2664 2290 2719 desit,
2332 2665 2441 2720 quod
2470 2666 2690 2721 principem
2715 2667 2849 2711 locum

266 2743 436 2786 obtinet.
496 2742 613 2793 Quod
641 2753 686 2788 se
715 2756 880 2799 quoque
909 2757 962 2788 eo
991 2746 1063 2788 niti
1100 2744 1358 2800 profiteatur,
1402 2748 1447 2786 ut
1476 2755 1601 2800 super
1631 2750 1793 2789 ceteros
1825 2744 2020 2798 excellat,
2051 2745 2272 2799 periculum
2303 2747 2413 2789 nasci
2443 2745 2538 2789 dicit
2567 2746 2689 2790 Fabio
2718 2749 2848 2803 ipsum

264 2825 340 2868 sibi
369 2824 537 2879 aequari
567 2824 731 2867 nolenti.
790 2826 902 2876 Quae
928 2839 1051 2881 quum
1079 2828 1133 2869 ita
1162 2827 1255 2879 sint,
1286 2837 1371 2867 non
1400 2824 1551 2879 dubito,
1582 2826 1681 2880 quin
1700 2829 1768 2867 aut
1789 2825 1952 2881 vulgata
1981 2834 2061 2879 quo
2089 2835 2151 2870 ne
2179 2825 2394 2869 retinenda
2423 2830 2492 2869 aut
2521 2825 2715 2870 Gronovii
2744 2840 2849 2871 con-

259 2905 421 2960 Jectura
451 2904 729 2959 amplectenda
756 2907 820 2948 sit.

381 2984 495 3035 Quae
524 2995 639 3039 seqq.
671 2983 795 3027 verba
832 2985 909 3027 sic
946 2996 1126 3027 senem
1156 2984 1299 3039 reliqq
1335 2984 1403 3028 W.
1435 2983 1566 3028 minus
1596 2988 1710 3026 recte
1740 2984 1900 3027 videtur
1933 2984 2176 3039 explicuisse
2206 2984 2367 3028 dicens:
2411 2998 2486 3039 „er
2513 2986 2583 3029 hat
2610 2988 2730 3030 einen
2760 2989 2849 3030 sol-

265 3062 371 3106 chen
398 3064 641 3107 Nachdruck
674 3063 748 3107 auf
771 3064 842 3107 das
872 3064 985 3108 Alter
1013 3064 1166 3121 gelegt,
1198 3066 1255 3108 als
1285 3066 1336 3108 ob
1365 3076 1444 3108 nur
1471 3067 1514 3108 in
1545 3065 1699 3108 diesem
1721 3063 1851 3107 Ruhm
1880 3065 2038 3122 erlangt
2067 3065 2235 3108 werden
2263 3065 2429 3108 konnte.
2434 3066 2458 3089 ⁶
2516 3066 2615 3122 lmo,
2645 3069 2687 3110 ni
2717 3067 2849 3110 omnia

266 3156 331 3187 me
360 3143 513 3200 fallunt,
544 3146 623 3189 hoc
644 3144 801 3201 Scipio
811 3144 916 3188 vult:
947 3146 1090 3188 Fabius
1121 3147 1430 3190 aemulationem
1453 3147 1624 3203 judicat
1632 3158 1715 3189 non
1745 3158 1839 3189 esse
1857 3158 1981 3202 posse
2009 3148 2087 3211 nisi
2115 3146 2353 3202 aequalium,
2384 3149 2646 3203 quamobrem
2667 3153 2720 3192 et
2736 3133 2851 3216 suani

265 3230 519 3269 senectutem
548 3230 605 3268 et
612 3226 854 3283 juvenilem
867 3210 1037 3269 aetatem
1065 3239 1212 3270 meam
1228 3227 1282 3269 ita
1311 3228 1477 3296 premit
1486 3233 1545 3270 et
1557 3228 1803 3292 exaggerat3
1818 3227 1990 3284 injuria,
2004 3240 2113 3272 nam
2141 3229 2218 3271 viri
2246 3226 2512 3272 excellentes·
2524 3233 2615 3273 cum
2627 3225 2753 3288 ‘viris
2769 3240 2850 3271 ex-

267 3304 521 3349 cellentibus
535 3308 713 3350 omnium
741 3311 918 3352 aetatum
947 3307 1212 3353 aemulantur
1267 3292 1411 3362 Neque
1434 3309 1549 3351 enim
1570 3308 1699 3366 gloria
1717 3308 1910 3365 ang-ustis
1938 3295 2083 3353 linibus
2106 3309 2259 3352 aetatis
2268 3291 2477 3353 humanae·
2488 3289 2851 3353 circumscribitur?
