3089 3733
1489 222 1549 286 14

224 379 331 422 sibi
361 376 415 436 (i.
446 392 483 422 e.
514 382 728 433 postquam
757 389 807 421 ea
835 381 916 420 tam
947 376 1015 420 diu
1045 374 1335 433 obtinuisset),
1378 377 1614 432 spoliata
1643 376 1959 421 redditurus
2000 381 2164 421 esset.
2196 376 2275 431 34,
2306 376 2350 421 Ξ.
2381 376 2422 421 7.
2462 379 2808 430 si1l'oeminas

226 461 288 503 ad
318 458 671 503 concitandas
697 457 1028 501 tribunicias
1063 457 1368 502 seditiones
1401 458 1504 513 Jam
1544 457 1854 501 adduxistis
1882 459 1910 500 i.
1944 470 1983 501 e.
2015 458 2051 501 si
2072 458 2163 513 jain
2187 469 2240 501 eo
2268 462 2439 501 ventum
2462 465 2633 514 est,‘ut.
2694 459 2808 505 ovid.

226 541 322 583 Her.
354 539 405 593 3,
447 538 518 581 67.
580 539 632 582 Si
670 539 768 580 tibi
801 540 906 594 jam
946 538 1266 591 reditusque
1307 538 1524 592 placent
1553 543 1595 581 et
1623 551 1729 593 quae
1757 551 1897 593 seqq.;
1936 551 1988 581 eo
2017 539 2178 593 etipse
2208 536 2413 592 locoln·
2443 539 2495 582 de
2525 545 2709 595 tempore
2738 543 2805 584 in-

226 619 489 676 telligendum
529 622 605 661 est.
666 617 748 661 Cic.
790 617 887 661 Suu.
927 617 976 672 7,
1020 618 1089 660 22.
1129 617 1181 661 Si
1211 618 1317 674 jam
1352 617 1454 660 tibi
1491 617 1591 661 hoc
1631 619 1932 662 concedam.
1992 619 2205 673 Postquam
2243 619 2450 673 complura
2489 619 2539 662 ab
2571 626 2808 664 accusatore

224 700 381 755 prolata
409 712 434 743 a
464 699 660 742 Cicerone
689 697 864 742 refutata
893 701 1009 753 sunt,
1050 696 1146 753 quid
1182 697 1401 753 simplicius
1431 709 1549 753 quam
1580 697 1630 740 ad
1661 710 1808 742 novam
1836 711 1924 742 rem
1951 698 2240 754 procedentem
2269 710 2365 742 eum
2389 697 2540 743 addere
2561 694 2682 753 111?
2738 701 2807 745 W.

225 780 361 836 adjicit
389 780 549 835 quidem
578 780 699 822 etiam
728 779 828 822 alios
856 790 1071 833 superesse
1100 779 1236 832 locos,
1274 779 1419 832 quibus
1448 779 1492 821 si
1514 776 1605 831 Ja-
1624 764 1739 820 'illam
1770 780 1850 821 vim
1880 785 2036 824 teneat:
2073 792 2195 823 wenn
2222 778 2433 832 witulfi,
2470 780 2545 824 sed
2580 775 2668 822 nisi
2694 781 2810 823 aliter

225 860 446 916 comparati
474 864 589 914 sunt,
620 859 718 902 nihil
745 858 821 902 illis
850 841 1056 914 probatur.
1116 858 1230 909 Quae
1260 871 1383 913 quum
1413 859 1468 901 ita
1497 858 1591 913 sint,
1620 849 1888 913 praeferenda
1916 859 2079 904 videtur
2104 859 2331 904 emendatio
2357 857 2499 906 tnnc!
2523 860 2572 904 ab
2587 860 2687 904 ‘aliis
2715 861 2808 903 edi-

223 942 382 984 toribus
411 944 590 995 recepta.
649 939 758 983 idem
787 939 975 981 mendum
998 936 1088 992 lan
1118 951 1193 994 pro
1222 940 1362 984 tanen
1391 939 1707 995 deprehenditur
1735 939 1816 994 22,
1855 938 1925 983 59.
1962 940 2038 995 13,
2081 942 2157 984 uisi
2187 941 2296 997 quod
2323 941 2392 984 illo
2420 941 2514 984 loco
2542 952 2647 985 unus
2675 940 2808 984 codex

223 1022 402 1064 melioris
433 1002 555 1063 notae
584 1021 704 1063 habet
733 1019 770 1064 si
798 1020 949 1064 tanen.
1008 1019 1141 1061 Nihilo
1168 1025 1304 1062 tamen
1336 1021 1470 1062 secius
1500 1021 1619 1062 etiam
1649 1021 1717 1062 illo
1746 1019 1839 1062 loco
1869 1019 1938 1063 W.
1969 1022 2004 1062 si
2028 1019 2117 1073 Ja-
2152 1022 2195 1063 in
2224 1025 2378 1064 textum
2413 1022 2688 1076 recipiendum
2727 1033 2808 1076 pu*-

222 1102 336 1144 tavit.
396 1100 674 1144 Alschefskius
706 1104 747 1143 et
776 1100 942 1143 Fabrius
972 1100 1227 1143 retinuerunt
1259 1099 1294 1144 sl
1324 1100 1462 1144 tmen
1491 1101 1517 1142 i.
1549 1113 1585 1143 e.
1618 1101 1653 1142 si
1683 1101 1856 1155 quidem.
2388 1114 2395 1121 ·

1337 1235 1509 1300 xxm,
1545 1235 1624 1291 25.
1660 1235 1708 1291 8.

338 1341 619 1397 Negabant
650 1337 1006 1395 (pontifices)
1038 1351 1185 1381 unam
1216 1339 1403 1381 cellam
1434 1338 1636 1381 duobus
1665 1342 1816 1381 recte
1848 1337 2112 1391 dedicari,
2151 1339 2285 1392 quia,
2315 1339 2359 1381 si
2389 1339 2449 1382 de
2479 1340 2634 1382 coelo
2664 1344 2805 1382 tacta

223 1425 310 1463 aut
348 1421 592 1477 prodigii
629 1419 834 1473 aliquid
873 1420 924 1461 in
963 1431 1022 1461 ea
1060 1417 1255 1461 factum
1291 1423 1462 1473 esset,
1504 1417 1763 1461 difficilis
1802 1412 2116 1473 procuratio
2155 1418 2325 1473 foret,
2365 1419 2526 1473 quod,
2565 1421 2671 1463 utri
2708 1420 2804 1463 deo
2857 1416 2861 1419 ’

222 1513 310 1545 res
351 1501 533 1544 divina
579 1500 768 1553 fieret,
816 1500 950 1542 sciri
990 1512 1091 1541 non
1131 1504 1342 1554 posset3
1391 1513 1563 1554 neque
1612 1501 1749 1542 enim
1798 1501 2002 1543 duobus
2043 1503 2147 1543 nisi
2195 1502 2365 1543 certis
2404 1500 2521 1544 deis
2561 1503 2665 1544 rite
2705 1515 2804 1544 una

221 1584 399 1626 hostia
438 1583 580 1625 fieri.

336 1665 405 1706 W.
437 1664 556 1706 affert
585 1668 721 1705 notam
749 1662 879 1706 Servii
910 1661 960 1704 ad
990 1663 1117 1718 Virg.‚
1148 1662 1256 1704 unde
1286 1666 1450 1716 apparet
1480 1666 1662 1703 certos
1693 1662 1793 1703 deos
1822 1663 2035 1703 terminum
2066 1662 2292 1704 technicum
2322 1674 2443 1716 quem
2476 1667 2622 1704 vocant
2651 1663 2801 1715 fuisse3

222 1745 434 1800 pontifices
464 1746 570 1786 euim
601 1744 753 1786 dixisse
782 1743 952 1799 singulis
989 1743 1143 1784 actibus
1183 1744 1368 1797 proprios
1404 1743 1504 1785 deos
1544 1755 1737 1796 praeesse
1773 1755 1928 1796 eosque
1961 1756 1983 1784 a
2016 1744 2198 1784 Varrone
2229 1747 2412 1783 certos
2452 1742 2552 1784 deos
2583 1745 2801 1798 appellatos

221 1838 314 1868 esse
323 1840 337 1876 ,-
377 1825 452 1866 sed
480 1824 548 1866 W.
569 1825 656 1878 ipse
688 1824 861 1878 dubitat,
894 1829 1027 1865 utrum
1057 1824 1193 1865 Livius
1229 1824 1293 1864 illa
1323 1824 1447 1865 verba
1479 1836 1530 1865 eo
1567 1837 1692 1866 sensu
1730 1824 1932 1866 intellecta
1961 1824 2134 1865 voluerit
2162 1836 2213 1865 an
2243 1825 2376 1878 potius
2406 1835 2471 1877 eo,
2504 1828 2548 1865 ut
2577 1826 2678 1866 certi
2708 1826 2803 1879 qui-

220 1907 311 1948 dam
341 1907 395 1948 dii
422 1906 701 1961 significentur
729 1919 753 1947 a
782 1905 1036 1959 pontificibus
1066 1906 1269 1946 nominati.
1330 1906 1424 1947 Mihi
1447 1906 1608 1959 quidem
1640 1909 1826 1946 neutrum
1856 1905 2015 1946 videtur
2045 1916 2186 1945 verum
2216 1915 2320 1958 esse,
2354 1915 2517 1957 quoque
2547 1917 2670 1946 sensu
2701 1907 2802 1947 certi

221 1988 275 2028 dii
306 1987 529 2041 accipiendi
569 1988 668 2039 sint,
711 1999 765 2027 ex
802 1987 925 2040 ipsius
964 1987 1064 2028 Livii
1104 1987 1239 2027 verbis
1269 1999 1475 2041 apparere.
1536 1989 1683 2028 Vetant
1723 1986 1932 2040 pontifices
1967 1976 2137 2027 duobusv
2163 1985 2237 2026 diis
2276 1997 2393 2027 unam
2434 1985 2572 2027 cellam
2611 1986 2800 2029 dedicari.

221 2067 336 2109 Cur?
384 2067 498 2120 Quia,
530 2068 564 2108 si
585 2066 811 2122 prodigium
833 2066 1128 2120 procurandum
1161 2071 1284 2119 esset,
1317 2068 1410 2108 sciri
1442 2079 1523 2108 non
1555 2071 1712 2120 posset,
1744 2068 1822 2107 utri
1852 2066 1928 2107 deo
1958 2077 2027 2107 res
2057 2065 2188 2106 divina
2218 2064 2345 2106 fleret.
2404 2064 2458 2106 At
2487 2067 2615 2108 enim:
2644 2067 2801 2108 sacriti-

220 2147 387 2199 cabant,
423 2147 603 2200 inquies,
643 2151 733 2188 uter
765 2146 864 2188 deus
894 2145 1111 2200 placandus
1145 2151 1253 2200 erat,
1284 2148 1318 2188 is
1347 2147 1421 2189 sibi
1452 2146 1599 2188 factum
1630 2145 1792 2188 sciebat.
1859 2145 1902 2187 ld
1932 2145 2116 2187 nimirum
2146 2144 2333 2187 vetabant
2363 2145 2585 2200 pontifices,
2645 2147 2800 2201 Quippe

220 2240 301 2269 non
339 2227 436 2269 satis
475 2226 639 2283 dignum
680 2231 768 2269 erat
804 2226 955 2269 numini
993 2226 1128 2269 divino
1165 2227 1325 2281 operari
1365 2227 1452 2268 sine
1496 2231 1610 2268 certo
1651 2226 1833 2268 consilio.
1906 2225 2150 2268 Sacrificium
2182 2225 2260 2267 deo
2299 2238 2382 2267 non
2420 2231 2553 2280 potest
2591 2232 2800 2282 acceptum

220 2320 326 2360 esse,
359 2306 436 2349 nisi
467 2307 522 2359 is,
556 2307 626 2360 qui
656 2319 742 2348 rem
772 2306 945 2349 divinam
975 2307 1154 2349 facturus
1184 2312 1260 2360 est,
1290 2308 1379 2360 scit,
1410 2311 1502 2348 uter
1531 2306 1632 2348 deus
1662 2312 1804 2349 auctor
1833 2307 2006 2362 prodigii
2035 2307 2175 2361 fuerit,
2206 2311 2299 2349 uter
2327 2307 2543 2361 placandus
2573 2309 2636 2349 sit.
2697 2307 2801 2357 Quid

218 2387 407 2440 restabat,
438 2387 514 2428 nisi
543 2391 600 2441 ut,
632 2398 714 2441 quo
744 2384 979 2428 alterutrum
1009 2386 1197 2440 placaret,
1228 2387 1389 2440 utrique
1410 2386 1577 2429 hostiam
1599 2386 1780 2441 offerret,
1812 2386 1921 2441 quod
1951 2388 2080 2441 ipsum
2110 2387 2323 2442 pontifices
2351 2387 2411 2430 fas
2442 2400 2534 2430 esse
2567 2389 2799 2444 negabant?

1318 2521 1488 2585 xxvii,
1525 2521 1601 2577 47.
1635 2521 1706 2577 1⁰.

331 2624 392 2666 Et
431 2637 526 2678 per
563 2626 798 2666 tortuosi
839 2625 1005 2666 amnis
1048 2626 1198 2666 sinus
1245 2625 1535 2679 flexusque
1578 2639 1688 2667 cum
1724 2638 1960 2668 errorem
1991 2627 2215 2668 volvens
2254 2626 2386 2667 haud
2427 2627 2637 2667 multum
2679 2639 2799 2680 pro-

215 2706 487 2747 cessisset
526 2704 624 2727 muc-
666 2705 752 2746 ubi
790 2706 954 2758 prima
994 2706 1084 2747 lux
1124 2707 1411 2747 transitum
1454 2710 1807 2758 opportunum
1848 2706 2207 2757 ostendisset,
2247 2706 2597 2747 transiturus.

329 2784 424 2825 Post
445 2784 777 2838 processiset
806 2785 974 2826 verbum
994 2786 1185 2840 apodosis
1211 2785 1357 2827 deesse
1391 2789 1568 2839 apparet.
1629 2784 1710 2827 Sed
1737 2796 1818 2826 non
1847 2785 2067 2839 adstipulor
2085 2784 2420 2826 Weissenbornio
2450 2784 2618 2827 verbum
2646 2791 2797 2828 motum

215 2864 445 2919 significans
474 2863 680 2906 excidisse
708 2865 939 2918 suspicanti,
975 2865 1097 2907 veluti
1126 2866 1264 2909 une·
1292 2864 1352 2908 irc
1380 2863 1519 2919 pergit
1548 2875 1623 2905 seu
1652 2864 1789 2907 tanen
1805 2873 1889 2908 non
1917 2863 2096 2915 abstitit,
2126 2863 2166 2905 id
2190 2863 2305 2918 ‘quod
2337 2875 2391 2906 ex
2422 2865 2606 2918 sequenti
2628 2865 2796 2920 periodo

214 2942 471 2999 intelligatur.
530 2943 622 3000 Ego
652 2944 708 2985 ita
736 2956 822 2986 rem
851 2945 946 2987 mihi
974 2944 1098 3001 fingo.
1159 2945 1333 2988 Primum
1351 2943 1576 2987 Hasdrubal
1599 2947 1754 2997 censet,
1784 2944 1965 2998 quamvis
1986 2955 2070 2986 nox
2099 2943 2291 2998 obstaret,
2321 2944 2400 2986 iter
2418 2956 2501 2986 non
2531 2956 2623 2987 esse
2653 2945 2797 2987 remit-

213 3022 380 3081 tendum
410 3029 452 3067 et
479 3026 598 3082 signa
628 3024 729 3069 ferri
752 3024 892 3081 jubet;
932 3026 986 3069 ita
1015 3039 1139 3082 quum
1167 3026 1265 3070 nihil
1293 3026 1436 3082 profici
1464 3025 1654 3078 vidisset,
1695 3022 1903 3076 substitit,
1934 3024 2003 3068 ubi
2031 3024 2157 3080 prima
2185 3025 2258 3068 lux
2283 3026 2495 3069 transitum
2526 3029 2796 3081 opportunum

213 3103 475 3159 ostendisset,
501 3108 756 3150 transiturus.
819 3106 899 3149 Sed
930 3111 1017 3150 orta
1036 3107 1128 3151 luce
1158 3120 1282 3162 quum
1313 3108 1448 3151 denuo
1477 3105 1672 3164 progredi
1702 3106 1917 3162 coepisset,
1952 3111 1996 3150 ut
2024 3111 2294 3163 opportunum
2323 3108 2545 3151 transitum·
2565 3109 2795 3162 quaereret,

213 3182 447 3248 frustraque
477 3187 755 3242 quaesivisset,
787 3185 895 3230 diem
915 3188 1086 3231 terendo
1103 3190 1274 3244 spatium
1294 3188 1404 3231 dedit
1431 3188 1484 3232 ad
1511 3186 1805 3241 insequendum
1832 3198 1926 3231 sese
1956 3187 2078 3231 hosti.
2138 3187 2289 3239 Quodsi
2319 3189 2410 3243 quis
2441 3192 2569 3243 putet,
2599 3183 2795 3241 permulta

213 3275 279 3306 me
307 3265 626 3321 excogitavisse,
654 3279 758 3321 quae
785 3267 969 3322 scriptor
993 3267 1129 3311 dicere
1158 3269 1356 3323 debuerit,
1387 3268 1619 3312 consideret
1647 3269 1682 3310 is
1713 3269 1822 3322 quod
1842 3266 1925 3312 Cic.
1955 3268 2008 3312 ad
2035 3268 2130 3311 Her.
2150 3267 2180 3323 l,
2211 3268 2252 3310 9.
2287 3267 2355 3311 ¹4.
2384 3268 2516 3318 dicit-g
2532 3277 2638 3309 rem
2674 3265 2794 3306 bre-
