3089 3733
1446 240 1673 318 -ἣ-

289 405 447 452 ¹¹08¹¹¹5
470 393 558 455 ¹¹¹3?
585 393 856 458 Wstflffl
883 392 1031 456 bssfflfin
1049 404 1153 454 (line
1173 393 1259 443 ..iel
1281 393 1420 456 legere
1458 392 1733 455 Wssflfibffl?
1761 392 2072 452 neminemflnon
2100 391 2262 452 pigeat,
2297 391 2636 452 idemque‚,;du-
2663 396 2835 454 Q

287 473 422 515 vereri
450 485 515 526 se,
552 485 606 515 ne
636 472 821 527 legentes
848 472 1007 528 pigeat,
1046 471 1218 514 studium
1255 482 1395 515 eornm
1427 473 1589 529 legendi
1620 473 1801 529 excitare
1830 476 2027 529 conatur.-
2061 472 2184 522 ,Quae
2220 473 2273 526 si„
2292 479 2539 528 verasunt,
2563 476 2835 531 ‚negotionem

288 553 432 596 deesse
460 563 543 595 non
570 563 694 608 posse
721 549 973 594 manitestum
1003 554 1079 594 eet
2603 543 2605 545 ’

401 634 553 677 Eodem
585 634 680 676 vitio
708 633 892 676 laborare
921 632 1014 674 mihi
1043 630 1223 674 videtur:
1453 650 1460 666 ε
1563 641 1586 652 '⁴
1628 631 1682 681 2}

356 714 585 769 Xenopb
616 713 726 767 Bell.
746 713 819 767 Ἦ,
839 712 885 768 4.
907 708 991 772 24,.
1020 711 1058 752 ει·
1085 704 1124 752 δ’
1132 708 1469 763 ἐπιλαθέσθαι,
1506 710 1621 771 ἔφη,
1634 708 1875 778 βούλεσθε
1905 709 1959 752 ed
1991 709 2303 768 γεγενημένον,
2302 709 2501 761 πάθος,
2520 712 2834 763 συμβουλεύω

289 791 673 853 ennumquam&
687 789 778 844 καὶ
801 788 1218 850 insumendum&
1243 806 1320 833 και
1344 791 1529 842 μείζους
1544 786 1874 849 γεγενημένους
1895 792 1987 838 τοῖς
2015 788 2267 847 ἀηττήτοις
2281 806 2441 839 ουτως.
2447 793 2500 839 εἰς
2514 790 2692 848 ,μάχην
2709 792 2833 836 ἰέναι.

360 874 619 927 Leuctrica
639 871 905 943 pinguefacta
928 871 1048 922 Iason
1076 870 1294 923 Pheraeus
1304 872 1499 928 Thebanis
1519 870 1928 925 Lacedaemoniisque
1956 872 2095 923 suasit,
2124 875 2170 920 ut
2194 871 2316 919 bello.
2330 872 2589 921 abstinerent.
2612 873 2699 923 ...Et
2725 874 2835 918 Tbe-

287 917 415 996 banos
444 952 603 1006 quidem
633 951 884 1004 admonebat,
915 955 1118 1004 caverent,
1147 962 1199 993 ne
1228 950 1373 998 bellum
1400 954 1694 1008 persequentes
1721 950 1760 991 id
1790 950 1899 1003 quod
1927 950 2138 993 Leuctrica
2165 951 2334 993 victoria
2362 952 2467 993 nacti
2485 957 2622 995 essent
2650 953 2702 1003 in
2711 952 2836 997 aleam

289 1033 442 1086 darent,
472 1031 825 1083 Lacedaemonios,
854 1034 898 1072 ut
924 1042 1062 1084 pacem
1091 1035 1391 1084 componerent,
1421 1030 1460 1073 id
1480 1030 1620 1086 Jussit
1634 1029 1907 1082 considerare,
1938 1035 2090 1084 quanto
2118 1032 2295 1080 uninores
2323 1031 2485 1084 spiritus
2511 1037 2689 1087 gereret
2708 1034 2837 1075 victus

288 1114 492 1155 exercitus
521 1113 690 1155 victore.
747 1109 901 1153 Deinde
931 1111 1061 1167 pergit
1091 1110 1129 1152 ει·
1156 1102 1195 1151 δ’
1226 1108 1527 1153 ἐπιλαθέσθαι
1557 1125 1596 1151 κ.
1627 1124 1666 1151 τ.
1699 1107 1746 1152 λ.
1805 1108 1858 1151 At
1887 1110 1920 1151 si
1955 1109 2077 1152 cladis
2106 1114 2294 1164 acceptae
2324 1111 2502 1154 oblivisci
2540 1112 2701 1166 volunt,
2744 1113 2837 1167 quid

289 1198 374 1246 est,
400 1192 509 1246 quod
538 1193 586 1234 iis
616 1191 801 1244 suadeat,
838 1195 881 1234 ut
918 1203 1111 1247 pugnam,
1152 1195 1356 1244 postquam
1386 1192 1494 1238 vires
1522 1191 1777 1245 receperint,
1816 1191 2046 1233 renovent?
2105 1191 2208 1240 Quid
2236 1192 2388 1247 igitur?
2451 1193 2617 1236 Videtur
2643 1191 2713 1250 m}
2746 1199 2838 1236 ante

287 1269 557 1323 βούλεσθαι
586 1272 799 1314 excidisse.
858 1270 945 1320 Qua
973 1271 1156 1313 restituta
1184 1269 1283 1312 haec
1313 1271 1390 1313 erit
1417 1271 1639 1325 sententia:
1667 1271 1703 1313 si
1732 1271 1963 1313 memoriam
1994 1270 2333 1325 cladis-acceptae
2361 1284 2443 1315 non
2471 1273 2589 1317 vultis
2617 1273 2837 1327 deponere,

290 1355 522 1405 exspectate
551 1351 690 1393 saltem
723 1354 989 1404 opportunum
1021 1353 1188 1403 tempus.
1247 1350 1319 1391 Ubi
1348 1351 1455 1392 vires
1485 1333 1733 1403 reieceritis,
1762 1354 1845 1392 tum
1872 1350 2017 1392 bellum
2051 1363 2143 1393 cum
2171 1350 2368 1393 Thebanis
2397 1351 2723 1407 redintegratote.

1432 1483 1495 1558 ιι,
1529 1483 1599 1555 ¹3·
1635 1485 1681 1539 ⁹·

402 1589 461 1630 Et
490 1588 622 1642 apud
659 1599 835 1643 regem
866 1586 1211 1630 Etruscorum
1241 1599 1339 1629 non
1366 1592 1475 1629 tuta
1504 1587 1674 1629 solum
1703 1587 1792 1628 sed
1822 1587 2080 1629 honorata
2109 1588 2264 1629 etiam
2292 1588 2468 1630 virtus
2497 1588 2620 1642 fuit,
2659 1589 2839 1632 lauda-

288 1673 497 1724 tamque
535 1668 797 1724 virginem
835 1671 987 1722 parte
1025 1666 1261 1710 obsidum
1298 1679 1353 1709 se
1381 1668 1580 1710 donare
1608 1666 1766 1717 dixit;
1806 1667 1918 1721 ipsa
1948 1679 2081 1721 quos
2110 1667 2276 1710 vellet
2304 1668 2530 1725 legeret.

403 1748 467 1791 Ad
502 1749 602 1791 baec
645 1748 767 1790 verba
795 1748 861 1789 W.
901 1752 1085 1790 annotat:
1124 1759 1346 1803 pronomen
1381 1748 1588 1791 relativum
1625 1758 1758 1801 quos
1800 1746 1919 1788 solito
1959 1748 2102 1804 generi
2142 1747 2290 1791 obsidis
2331 1759 2425 1790 sese
2443 1782 2447 1786 .
2462 1749 2840 1804 accommodavisse,

290 1842 410 1884 quum
439 1829 573 1870 Livius
602 1828 781 1884 virgines
811 1831 962 1870 tantum
992 1827 1174 1869 obsidum
1212 1827 1303 1869 loco
1332 1828 1530 1868 Porsenae
1568 1826 1733 1868 traditas
1773 1839 1867 1869 esse
1905 1827 2048 1880 prodat
2086 1839 2177 1869 non.
2209 1828 2325 1869 etiam
2355 1828 2529 1882 juvenes
2570 1833 2615 1870 ut
2642 1829 2758 1871 Dion.
2799 1834 2840 1872 et

288 1907 485 1951 Plutarch.
516 1918 686 1962 quorum
715 1906 780 1949 hic
809 1908 850 1949 in
878 1907 948 1949 vit.
985 1907 1093 1962 Popl.
1130 1906 1182 1950 18
1211 1907 1353 1950 refert:
1392 1903 1460 1949 ἐπὶ
1488 1903 1670 1953 τούτοις
1699 1903 1913 1962 ὁμήρους
1943 1903 2124 1951 ἔδωκαν
2153 1906 2206 1954 ἐξ
2234 1901 2524 1961 εὐπατριδῶν
2552 1906 2840 1966 περιπορφύ-

287 2003 399 2043 ρους
428 1982 537 2029 δέκα
567 1985 647 2029 καὶ
676 1984 935 2042 παρθένους
960 1985 1199 2035 τοσαύτας.
1258 1988 1372 2038 Quod
1402 2001 1477 2031 nec
1505 2002 1580 2044 per
1608 2002 1655 2034 se
1683 1995 1747 2034 est
1776 1990 2015 2043 verisimile,
2042 1988 2195 2043 puellas
2223 1992 2373 2031 tantum
2401 2000 2475 2042 pro
2505 1988 2706 2031 obsidibus
2738 1988 2841 2031 Por-

287 2079 411 2111 senae
439 2067 602 2111 traditas
632 2079 747 2121 esse,
787 2080 877 2110 cum
907 2067 1078 2122 antiquis
1106 2067 1348 2122 temporibus
1380 2068 1610 2112 muliebrem
1639 2082 1782 2114 sexum
1812 2071 1943 2113 minus
1973 2069 2210 2112 honoratum
2237 2067 2363 2112 fuisse
2392 2068 2493 2111 virili
2529 2072 2707 2121 constet,
2749 2081 2840 2121 nec,

287 2149 342 2191 ita
371 2160 394 2191 a
421 2147 535 2190 Livio
567 2147 768 2203 proditum
797 2160 888 2202 esse
917 2146 1023 2190 unde
1054 2147 1198 2204 conjici
1225 2148 1370 2202 possit,
1407 2148 1591 2202 equidem
1622 2150 1817 2206 intelligo.
1877 2150 1961 2192 lmo
1991 2150 2033 2191 in
2065 2152 2252 2203 promptu
2280 2148 2375 2191 mihi
2407 2148 2564 2191 videtur
2591 2160 2703 2200 esse,
2741 2147 2841 2190 Livii

288 2228 558 2271 narrationem
590 2239 681 2269 cum
708 2227 865 2269 illorum
896 2231 1104 2269 auctorum
1141 2218 1233 2270 hac
1251 2228 1291 2269 in
1320 2240 1365 2270 re
1395 2229 1644 2282 consentire,
1680 2241 1920 2282 quamquam
1957 2240 2042 2271 non
2077 2228 2308 2281 nominatim
2346 2239 2561 2286 puerorum
2596 2227 2842 2270 mentionem

288 2308 396 2350 facit.
455 2308 559 2357 Quid
589 2308 728 2349 enim?
785 2308 860 2349 Ubi
888 2309 979 2364 regi
1009 2309 1229 2351 nuntiatum
1259 2313 1342 2361 est,
1372 2295 1572 2350 *Cloeliam
1609 2311 1807 2365 virginem
1846 2322 1927 2350 una
1968 2321 2059 2350 cum
2100 2309 2272 2360 ceteris,
2311 2320 2414 2360 quae
2452 2295 2633 2349 obsidum
2673 2318 2842 2349 numero

290 2400 313 2430 a
343 2399 444 2443 rege
473 2387 772 2440 retinebantur,
803 2386 1031 2444 aufugisse,
1061 2387 1127 2432 ille
1156 2388 1215 2430 ira
1242 2388 1429 2431 incensus
1461 2393 1644 2432 oratores
1675 2388 1841 2431 Romam
1871 2389 1932 2431 ire
1955 2388 2078 2442 Jussit
2109 2387 2159 2430 ad
2189 2386 2376 2430 Cloeliam
2405 2386 2583 2444 obsidem
2612 2386 2844 2442 deposcen-

288 2467 393 2520 dam,
422 2467 517 2509 alias
545 2467 650 2510 haud
679 2468 813 2523 magni
834 2480 879 2509 se
909 2467 1058 2512 facere.
1107 2467 1381 2510 Restituerunt
1399 2469 1564 2509 Romani
1584 2468 1784 2510 Cloeliam.
1833 2468 1971 2509 Utrum
2003 2468 2121 2508 etiam
2151 2467 2330 2519 reliquae
2359 2465 2538 2507 redditae
2567 2467 2648 2507 sint
2674 2478 2752 2507 nec
2779 2477 2845 2518 ne,

287 2547 422 2588 Livius
471 2558 552 2588 non
601 2551 909 2599 commemorat,
958 2559 1035 2588 nec
1074 2559 1174 2588 vero
1212 2552 1520 2599 consentaneum
1567 2553 1654 2600 cst,
1697 2547 1922 2590 reddidisse
1960 2548 2163 2589 Romanos
2201 2546 2308 2600 quod
2347 2558 2430 2587 non
2468 2551 2579 2589 esset
2616 2546 2839 2600 repetitum.

289 2626 438 2668 Cloelia
466 2639 587 2680 quum
622 2628 880 2680 revertisset,
919 2639 997 2668 rex
1032 2628 1230 2684 virginem
1266 2627 1459 2669 laudatam
1487 2631 1601 2681 parte
1631 2627 1812 2668 obsidum
1842 2638 1887 2669 se
1918 2626 2071 2668 donare
2099 2626 2209 2667 dixit.
2268 2625 2569 2674 Quor-umnam?
2593 2662 2597 2666 .
2626 2624 2843 2677 Eorumne,

289 2707 358 2759 qui
387 2706 656 2762 aufugerant?
714 2707 768 2747 At
796 2707 886 2753 illae
914 2709 1095 2762 virgines
1124 2713 1190 2749 aut
1219 2719 1301 2749 non
1328 2708 1550 2760 redierant,
1588 2713 1656 2750 aut
1683 2709 1719 2750 si
1747 2709 1974 2760 redierant,
2013 2720 2095 2749 non
2131 2712 2218 2749 erat
2236 2748 2239 2751 ,
2255 2708 2353 2750 satis
2388 2707 2553 2762 dignum
2583 2718 2682 2760 rege
2710 2706 2842 2749 minu

289 2785 385 2828 dare
416 2799 533 2841 quam
567 2787 616 2829 ab
646 2787 759 2829 initio
787 2787 984 2842 pollicitus
1014 2793 1113 2830 erat.
1171 2788 1410 2830 Conceditur
1438 2788 1560 2843 igitur
1588 2787 1763 2831 Cloeliae
1792 2802 1885 2843 pars
1914 2799 2053 2833 eon-
2081 2788 2287 2841 obsidum,
2324 2788 2393 2842 qui
2421 2789 2705 2830 remanserant.
2765 2785 2843 2836 Qu·

288 2869 421 2907 utrum
450 2879 581 2909 mares
611 2867 759 2909 suerint
788 2880 838 2909 au
868 2867 1043 2922 puellae,
1073 2869 1150 2910 etsi
1178 2868 1313 2910 Livius
1343 2880 1423 2909 non
1452 2867 1569 2922 plane
1598 2875 1660 2911 ac‘
1675 2869 1828 2912 diserte
1861 2870 1969 2923 dicit,
2000 2873 2147 2921 tamen,
2178 2869 2213 2910 si
2240 2880 2344 2922 quae
2369 2871 2589 2922 sequuntur
2617 2867 2844 2909 accuratius

288 2947 595 3002 inspexerimus,
626 2950 695 2991 vix
724 2950 766 2991 in
795 2950 982 3007 ambiguo
1011 2949 1101 2993 iore
1130 2950 1224 2993 mibi
1251 2950 1421 2993 videtur.
1477 2948 1686 3002 Productis
1712 2950 1821 2992 enim
1860 2950 2044 2993 omnibus
2079 2948 2243 2993 dicitur.
2262 2947 2436 3004 elegisse
2465 2945 2611 2990 Cloelia
2619 2964 2625 2987 ·.
2646 2946 2843 3002 inpubes,

288 3026 329 3069 id
362 3026 471 3081 quod
507 3028 642 3072 Livius
672 3030 780 3073 addit
817 3035 859 3074 et
893 3031 1110 3088 virginitati
1148 3031 1338 3074 decorum
1375 3036 1416 3073 et
1454 3042 1659 3073 consensu
1699 3030 1882 3074 obsidum
1915 3032 2094 3086 ipsorum
2128 3028 2335 3085 probabile
2363 3027 2507 3080 ruisse,
2543 3039 2645 3071 ean
2673 3031 2845 3071 aetatem

288 3108 537 3162 potissimum
553 3109 715 3154 liberari
735 3112 786 3154 ab
806 3111 940 3165 hoste,
968 3124 1074 3167 quae
1101 3113 1274 3156 maxime
1294 3116 1519 3167 opportuna
1545 3112 1717 3167 injuriae
1742 3114 1865 3154 esset.
1919 3109 2106 3166 Impubes
2131 3110 2308 3165 elefflsse
2333 3106 2500 3163 ‚adiu
2525 3118 2602 3151 cnr
2629 3106 2844 3163 'irginitati

290 3187 379 3243 ejus
407 3186 600 3232 decorum
636 3190 773 3245 fucrit,
810 3196 880 3235 aut
909 3191 1066 3247 puellae
1092 3192 1274 3248 impubes
1290 3203 1375 3234 eur
1401 3191 1579 3247 injuriae·
1600 3192 1913 3247 opportuniores
1949 3189 2158 3234 habendae
2193 3189 2342 3233 fuet-iat
2375 3186 2624 3245 virgulas,
2664 3198 2761 3239 non.>
2774 3186 2846 3229 in-

289 3266 442 3324 telligo,
471 3267 665 3326 intelligo,
695 3282 770 3313 cnr
796 3271 979 3328 imwbes
1006 3270 1750 3330 paenselegissevirginitatimaff‘u
1777 3271 1969 3315 decorum
2000 3269 2122 3314 tuerit
2147 3273 2280 3313 etcur
2307 3267 2336 3311 ii
2359 3267 2847 3325 injui'uepporunima
