3089 3733
1447 234 1679 314 L

273 389 643 445 mmmm
666 389 802 444 vtio.
820 388 858 439 ai
901 387 1041 449 wie!
1082 388 1406 446 &lentandum
1444 391 1600 447 obstat,
1647 389 1862 455 quominus
1910 387 2006 447 Μ
2044 392 2138 448 ΨΘ
2164 400 2355 448 ‚vuemm
2387 395 2573 462 putemus
2613 391 2848 435 excidisse?

276 469 407 521 Quid
444 468 1088 526 Sec}8.se;„flieronym.u5m‚
1127 468 1253 524 quid
1291 481 1508 527 puerum
1544 483 1602 513 ac
1641 470 1733 513 vix
1767 468 2155 524 pubescentem
2193 467 2699 528 facererpotquisseu?

1369 598 1550 670 xxm,
1584 601 1660 685 13.
1675 601 1736 660 5.

292 735 303 753 s
392 704 607 768 Omitto
631 717 714 759 ea,
739 705 944 761 quibus
981 680 1215 762 gloriari
1252 707 1508 760 potestis.
1551 706 1705 763 cuius
1743 709 1796 748 et
1843 682 2016 759 ipsius
2065 704 2267 759 pudere
2318 717 2407 749 ac
2424 707 2703 760 poenitere
2753 719 2849 750 vos

278 787 531 841 oportet,
553 759 804 841 referam

383 865 592 926 nagnam.
606 865 703 922 mihi
731 866 924 926 exhibent
953 825 1231 926 difficultatem
1271 867 1400 912 verba
1433 845 1497 912 et
1513 863 1658 921 ipsias.
1717 864 1781 907 Fr
1815 863 2044 906 Gronovius
2083 863 2182 907 satis
2222 863 2374 907 habens
2411 846 2627 910 lectionem
2667 867 2849 911 codicum

277 945 516 999 auctoritate
554 945 784 1000 defendisse
816 946 871 990 de
910 946 1109 1003 sententia
1145 947 1240 1001 quid
1271 947 1475 1003 Judicaret
1513 957 1597 989 non
1637 944 1826 988 ostendit.
1884 943 2238 1006 Drakenborchius
2277 947 2410 987 autem
2448 945 2581 1002 adjicit
2619 924 2736 1002 ipsos
2773 960 2848 1003 pro

261 1023 427 1085 ipsius,
474 1025 690 1077 dummodo
726 1027 1087 1088 manuscriptorum
1124 1028 1362 1071 auctoritate
1403 1026 1656 1080 firmaretur,
1694 1025 1823 1087 magis
1860 1024 1936 1067 sibi
1973 1003 2149 1082 placere.
2219 1024 2332 1075 Quae
2365 1024 2431 1067 W
2473 1025 2606 1070 locum
2646 1027 2850 1082 explicans

278 1105 417 1148 affert:
457 1106 549 1160 „ich
577 1107 660 1148 will
686 1107 945 1162 iibergehen‚
975 1107 1025 1149 da
1052 1108 1116 1150 ihr
1143 1108 1282 1165 diesen
1311 1108 1442 1166 Ruhm
1470 1107 1662 1150 verloren
1691 1106 1806 1159 habt,
1845 1085 2035 1162 dagegen
2063 1105 2145 1148 will
2173 1106 2238 1147 ich
2268 1110 2395 1148 etwas
2424 1107 2665 1161 erwahnen,
2705 1109 2850 1152 dessen

277 1186 342 1227 ihr
369 1186 475 1228 euch
503 1199 554 1227 an
583 1186 670 1227 sich
699 1187 922 1229 betrachtet
951 1188 1033 1230 und
1061 1189 1132 1230 mit
1160 1189 1240 1230 den
1267 1188 1464 1230 friiheren
1492 1187 1647 1229 Thaten
1675 1185 1909 1242 verglichen
1923 1218 1935 1238 ,
1974 1185 2196 1241 gleichfalls
2230 1187 2309 1227 wie
2340 1187 2414 1229 der
2442 1187 2636 1243 heutigen
2667 1188 2852 1232 Schlacht

279 1265 469 1307 schamen
497 1270 643 1320 miisst,
674 1266 745 1308 das
774 1267 872 1309 aber
900 1266 1005 1310 doch
1031 1269 1215 1323 weniger
1243 1266 1496 1322 schimpflioh,
1518 1267 1659 1314 istrals
1688 1278 1790 1309 eure
1818 1266 2008 1319 Flucht‘,
2037 1278 2088 1308 ea
2117 1265 2315 1307 confiteor
2345 1280 2409 1308 me
2438 1279 2521 1308 non
2559 1269 2690 1323 magis
2730 1269 2852 1310 intel-

277 1346 408 1401 ligere
437 1359 556 1400 quam
582 1348 792 1402 scriptoris
822 1348 959 1390 verba.
1009 1349 1135 1406 Quid.
1156 1349 1296 1391 enim?
1355 1348 1397 1392 Si
1426 1348 1641 1390 Marcellus
1670 1347 1766 1389 dicit
1794 1346 1952 1388 referre
1981 1358 2028 1388 se
2056 1345 2185 1399 velle,
2215 1348 2331 1401 cujus
2369 1347 2412 1390 ct
2447 1346 2579 1401 ipsius
2613 1348 2768 1402 pudere
2804 1362 2851 1390 ac

279 1427 490 1482 poenitere
527 1426 672 1469 milites
695 1431 918 1483 oporteat,
958 1427 1061 1485 duae
1076 1479 1078 1483 .
1096 1427 1253 1472 debent.
1281 1441 1351 1471 res
1390 1440 1505 1482 esse,
1545 1439 1714 1486 quarum
1750 1438 1824 1469 eos
1863 1425 2018 1481 pudere
2056 1438 2105 1469 ac
2142 1426 2352 1481 poenitere
2392 1430 2590 1481 oporteat.
2651 1426 2732 1470 Sed
2771 1439 2851 1484 ego

280 1506 442 1561 quidem
470 1519 554 1549 non
582 1507 702 1550 video
730 1507 807 1549 nisi
833 1520 966 1562 unam,
996 1508 1105 1564 quod
1132 1513 1249 1566 terga
1278 1513 1488 1552 verterunt
1520 1507 1652 1561 hosti,
1682 1519 1802 1561 quem
1831 1507 2044 1562 superiore
2074 1511 2226 1549 aestate
2265 1518 2387 1560 saepe
2420 1505 2558 1554 ,fusum
2588 1505 2850 1563 fugatumque

280 1587 408 1640 pridie
446 1599 524 1628 nec
561 1587 641 1628 iter
678 1586 815 1628 facere
844 1599 921 1629 nec
951 1592 1080 1629 castra
1107 1589 1248 1629 metari
1278 1589 1386 1641 passi
1415 1592 1566 1629 essent.
1627 1588 1753 1636 Quam
1783 1588 2053 1629 difficultatem
2083 1587 2160 1628 nisi
2188 1589 2279 1640 quis
2308 1587 2459 1640 solvat,
2497 1587 2621 1629 verba
2650 1588 2694 1631 et
2721 1586 2851 1641 ipsias

282 1667 538 1720 exstirpanda
567 1679 660 1708 esse
691 1678 865 1721 censeo,
896 1668 1051 1708 etiamsi
1080 1679 1163 1708 non
1192 1678 1356 1720 possum
1385 1667 1540 1720 dicere,
1571 1668 1778 1720 quomodo
1808 1668 1954 1709 factum
1985 1669 2058 1721 sit,
2090 1672 2135 1709 ut
2163 1669 2530 1728 interponerentur.

1371 1803 1566 1877 xxvn,
1596 1803 1666 1859 ιιι.
1701 1801 1763 1858 ιι.

397 1907 469 1949 Ne
508 1911 680 1949 tamen
721 1905 987 1962 fugientis
1025 1906 1175 1949 modo
1215 1908 1560 1950 convertisse
1599 1919 1783 1963 agmen
1821 1906 2126 1960 videretur,
2165 1918 2266 1961 quo
2304 1887 2678 1951 constituent
2716 1907 2850 1961 loco,

284 1988 517 2044 quinque
557 1987 720 2047 millia
759 1987 926 2030 ferme
963 1988 1022 2030 ab
1061 1988 1192 2031 urbe
1229 1989 1411 2044 posuit
1445 1992 1634 2031 castra.

397 2068 674 2117 consuluerat
702 2068 768 2111 W.
799 2070 1104 2125 interpretatur:
1135 2070 1225 2113 Halt
1253 2070 1441 2128 gemacht
1467 2069 1599 2123 hatte,
1626 2080 1694 2111 um
1724 2067 1980 2110 auszuruhen
2008 2066 2159 2110 addens
2189 2067 2324 2110 solere
2350 2067 2514 2124 adjungi
2542 2067 2675 2121 signa,
2705 2077 2852 2121 agnen

283 2153 324 2192 et
353 2149 462 2205 quod
492 2151 580 2206 eJus
609 2149 717 2192 modi
745 2149 947 2205 objectum
976 2150 1056 2193 hoc
1091 2150 1183 2193 loco
1216 2149 1397 2205 deesset,
1437 2162 1531 2193 esse
1560 2150 1630 2204 qui
1667 2149 1970 2204 suspicarentur
2007 2147 2257 2194 consuunt
2296 2147 2551 2191 scribendum
2589 2160 2695 2191 esse.
2754 2148 2852 2191 nihi

283 2230 442 2284 quidem
478 2231 598 2274 lectio
638 2231 797 2286 integra
833 2230 906 2272 sed
944 2231 1075 2274 minus
1110 2236 1224 2274 recte
1261 2232 1464 2275 intellecta
1502 2231 1661 2273 videtur
1700 2243 1805 2273 esse.
1867 2229 1929 2272 Ad
1967 2229 2243 2275 constituerat
2278 2242 2332 2272 ex
2370 2230 2439 2283 iis,
2479 2241 2582 2283 quae
2611 2233 2850 2283 sequuntur,

282 2310 545 2365 supplendum
575 2315 638 2354 est
666 2310 810 2355 castra
836 2320 1000 2365 ponere.
1059 2310 1254 2353 Hannibal
1282 2325 1373 2354 cum
1407 2311 1693 2366 comperisset,
1722 2310 1937 2353 Tarentum
1950 2344 1962 2364 ,
1994 2310 2103 2364 quod
2130 2315 2175 2353 ut
2204 2323 2227 2353 a
2256 2309 2443 2352 Romanis
2473 2308 2733 2362 defenderet,
2763 2308 2853 2352 dies

282 2396 506 2445 noctesque
535 2392 682 2434 cursim
711 2403 857 2446 agmen
887 2395 1050 2446 egerat,
1081 2395 1240 2445 captum
1269 2403 1386 2444 esse,
1429 2395 1565 2433 tamen
1593 2405 1645 2434 ne
1675 2390 1867 2447 fugientis
1896 2390 2018 2433 modo
2049 2392 2298 2443 convertisse
2327 2404 2472 2447 agmen
2500 2390 2733 2444 videretur,
2771 2402 2853 2444 quo

284 2473 547 2512 constituerat
571 2472 665 2513 loco
696 2476 826 2513 castra
855 2483 1031 2524 ponere,
1063 2476 1274 2524 antequam
1303 2472 1593 2524 comperisset,
1635 2473 1777 2514 urbem
1803 2478 1957 2526 captam
1987 2484 2103 2524 esse,
2145 2472 2322 2525 quinque
2360 2471 2479 2512 nu'llia
2508 2470 2639 2512 ferme
2672 2470 2722 2511 ab
2751 2470 2852 2511 urbe

281 2552 416 2605 posuit
444 2557 587 2593 castra.

1365 2687 1555 2758 xxvn,
1589 2685 1659 2740 17.
1694 2685 1755 2740 ιι.

396 2789 548 2832 Scire
580 2790 714 2831 enim
746 2802 801 2832 se
832 2789 1150 2846 transfugae
1189 2801 1374 2833 nornen
1414 2789 1757 2831 exsecrabile
1795 2787 2079 2830 veteribus
2121 2787 2315 2843 sociis,
2354 2789 2509 2829 novis
2547 2791 2855 2841 suspectum

281 2881 402 2911 esse
432 2882 601 2923 neque
631 2882 825 2916 eumse
862 2869 1263 2926 reprehendere
1299 2881 1491 2910 morem
1530 2869 1815 2921 hominum,
1854 2869 1899 2909 si
1937 2867 2040 2911 ian
2079 2880 2276 2922 anceps
2317 2868 2487 2910 odium
2526 2850 2709 2920 causa,
2750 2879 2853 2909 non

282 2959 468 2991 nomen
506 2948 681 2993 faciat.
884 3004 886 3007 .

338 3070 340 3073 ,
393 3029 614 3089 Librorum
625 3030 755 3077 lectio
785 3044 917 3087 quum
936 3032 988 3075 sit
1016 3032 1124 3089 tan,
1152 3030 1220 3077 W.
1249 3030 1334 3080 ta-
1363 3031 1636 3086 conjunctum
1652 3043 1744 3074 cum
1774 3039 1929 3085 anceps
1959 3034 2082 3086 negat
2112 3011 2210 3071 ferri
2238 3039 2371 3084 posse.
2430 3027 2516 3076 Qua
2546 3027 2589 3069 in
2628 3039 2676 3070 re
2713 3028 2752 3070 ei
2781 3039 2852 3070 as-

282 3109 448 3161 sentior.
508 3111 652 3166 Minus
670 3112 765 3154 mihi
794 3112 1009 3167 probatur,
1049 3110 1159 3168 quod
1188 3110 1463 3166 reponendum
1492 3123 1586 3154 esse
1609 3113 1774 3158 censuit
1806 3110 1918 3166 jan,
1960 3089 2231 3166 interpretans
2270 3108 2306 3152 si
2338 3106 2447 3161 jan.
2487 3120 2610 3150 wenn
2648 3106 2850 3152 wlrkllch.

268 3189 427 3251 μΩιιαιιι
441 3203 583 3257 eorum
612 3172 828 3252 verborum
857 3193 938 3236 vim
970 3197 1017 3236 ut
1027 3192 1212 3249 probet,
1242 3203 1366 3253 quos
1374 3191 1491 3245 affert
1505 3174 1658 3251 locoS,
1698 3193 1726 3234 ii
1754 3191 1849 3235 mihi
1880 3191 1935 3235 ila
1966 3191 2185 3258 comparati
2213 3188 2422 3256 videntur,
2460 3192 2506 3231 nt
2535 3188 2643 3244 quod
2671 3187 2854 3254 proban-

268 3268 377 3323 dum
417 3253 481 3331 est
516 3272 588 3319 iis
606 3285 689 3317 non
727 3272 945 3330 probetur.
997 3251 1280 3323 Examinemus
1317 3283 1412 3316 eos:
1453 3271 1534 3328 39,
1573 3272 1642 3316 25.
1681 3271 1722 3317 ’1
1766 3272 1926 3328 quod
1941 3284 2000 3330 ea
2039 3270 2229 3327 oppida
2268 3270 2313 3312 si
2344 3270 2450 3326 jam
2491 3265 2852 3313 redderentur
