3089 3733
1462 220 1500 283 ἶ

207 381 367 448 quiden
395 389 489 446 νιιιι
506 377 684 443 rino·
671 379 733 426 n-‚t
724 373 1038 450 mundam
1052 373 1178 437 ⁸4¹⁹}
1185 375 1382 438 exem
1400 375 1540 442 vaiet
1556 374 1663 436 ,σῦν
1683 373 1833 435 saian
1849 371 2196 435 &termera-⁸
2221 373 2292 413 νιν
2317 373 2483 435 ύουον
2500 372 2754 446 Μινύου

205 461 323 526 aust,
361 446 997 525 nmen-mmm
1019 445 1372 514 111⁸an
1405 445 1666 517 vermes-2
1686 451 1876 514 Amin,
1911 451 2490 513 quaemanibus-mm:
2517 442 2756 513 “ww

206 533 629 604 mcwffipffirit,
639 535 1172 609 ᾳαὶωῃριῇοιαιιιιιιοει,
1201 536 1363 595 ironice
1390 534 1626 587 dictasint,
1665 533 1824 578 tertium
1853 535 2210 595 wnpotestnon
2247 531 2573 577 audetur-tione
2610 535 2753 591 accipi,

206 621 246 667 id
277 619 386 683 quod
413 617 735 670 Weissenbornii
771 605 1046 675 interpretatio
1084 628 1168 663 non
1206 616 1373 665 videtur
1399 614 1622 663 admittere·
1678 613 1747 656 ssla
1784 617 1918 658 tamen
1955 611 2062 659 haud
2096 611 2182 656 scio
2217 623 2270 653 an
2307 610 2374 654 W.
2412 611 2488 666 ipsi
2522 614 2654 659 minus
2680 626 2754 658 sa-

206 698 422 762 tiam:
446 696 596 761 adimit
623 696 752 756 enim„-
792 695 919 758 „Reiz
948 695 1211 753 vermuthetz
1232 694 1468 755 pbbejusne
1498 707 1534 739 c
1565 693 1594 735 f.
1624 705 1676 737 an
1704 705 1824 748 quem
1851 692 2056 740 servum!
2115 691 2171 736 At
2193 693 2245 737 si
2276 691 2384 737 illam
2417 691 2631 738 lectionem
2666 694 2753 753 ple·

205 777 405 834 bal-8¹⁶,
429 789 537 833 quae
563 777 607 823 in
633 776 873 826 editionibus
901 780 995 835 ante
1022 748 1271 825 Gronovium
1296 773 1454 826 furerat,
1491 773 1811 828 reposuerimus,
1851 784 1929 816 nec
1964 771 2135 819 mutatio
2169 773 2397 818 noeessaria
2433 784 2526 817 esse
2545 773 2751 819 videbitur

206 862 249 907 et
273 856 414 917 ,omnia
435 855 553 911 plana
579 859 711 905 erunt.
732 894 736 897 .
765 855 855 911 Jam
878 855 1013 909 locum
1041 855 1097 903 ita
1124 855 1391 910 interpretor:
1420 830 1514 899 num
1544 853 1710 909 perinde
1738 852 1868 909 valet,
1903 853 1940 897 si
1970 853 2061 908 quis
2089 853 2342 910 rogationem
2368 852 2470 907 fert,
2508 865 2629 908 quam
2656 867 2750 912 ego,

206 917 459 1002 plebeiumne
488 935 695 985 consulein
724 934 812 982 fieri
839 935 1011 996 populus
1030 933 1194 992 iubeat,
1233 945 1282 977 ac
1318 934 1353 974 si
1382 933 1471 987 quis
1503 933 1630 986 dicat,
1667 944 1828 974 servum
1868 937 1938 979 ant
1964 932 2194 989 libertinum
2221 932 2427 983 consulem
2453 932 2573 979 fieri?
2625 933 2752 977 Rhoe

206 1017 331 1072 igitur
368 1027 435 1060 res
470 1015 576 1060 inter
615 1026 661 1057 se
699 1018 953 1069 opponuntur
996 1013 1178 1072 plebeius
1205 1016 1258 1066 ⁴et
1294 1024 1439 1064 servus
1476 1016 1544 1057 aut
1579 1011 1811 1067 libertinus,
1860 1016 1903 1057 et
1936 1013 2121 1069 rogatio,
2158 1024 2263 1068 quae
2301 1016 2343 1058 et
2373 1012 2509 1069 juberi
2545 1014 2687 1069 possit.
2709 1018 2754 1059 et

206 1095 334 1150 rejici,
365 1100 406 1137 et
435 1095 503 1137 lex
531 1094 696 1150 perlata.
757 1095 918 1137 Tantam
947 1084 1069 1150 igitur
1097 1093 1247 1136 rabiem
1277 1094 1507 1136 criminatur
1534 1093 1715 1137 tribunus
1745 1092 2065 1137 adversariorum
2093 1104 2200 1146 esse,
2229 1097 2274 1134 ιιι
2300 1092 2405 1136 idem
2433 1093 2568 1137 valere
2597 1098 2753 1150 piuant,

208 1174 243 1217 si
267 1174 356 1228 quis
385 1179 525 1231 roget,
563 1178 607 1216 ut
633 1172 758 1218 licent
786 1173 985 1217 hominem
1014 1174 1214 1230 plebejum
1254 1173 1458 1216 consulem
1490 1173 1600 1228 fieri,
1639 1187 1687 1216 ac
1725 1175 1760 1217 si
1797 1174 1887 1228 quis
1922 1173 2049 1228 dicat,
2087 1187 2250 1218 servum
2288 1179 2355 1218 aut
2389 1175 2613 1218 libertinum
2651 1173 2753 1228 fleri,

207 1267 458 1311 quamquam,
488 1260 531 1298 ut
558 1256 622 1298 illa
653 1256 810 1311 rogatio
838 1256 988 1310 perlata
1016 1257 1081 1309 sit,
1111 1256 1313 1298 etiamtum
1341 1268 1468 1311 perles
1490 1253 1684 1311 poprium
1713 1256 1777 1310 sit,
1806 1259 1938 1298 utrum
1957 1255 2139 1311 plebeJus
2166 1256 2234 1300 fiat
2262 1269 2339 1301 nec
2368 1271 2433 1311 ne,
2461 1257 2752 1313 plurimumque

207 1336 363 1381 intersit
391 1338 497 1380 inter
522 1336 720 1394 plebeium
748 1337 947 1381 hominem
976 1342 1017 1379 et
1048 1337 1273 1381 libertinum
1304 1350 1378 1380 seu
1405 1350 1581 1381 servum.

1374 1472 1433 1538 V,
1468 1472 1504 1528 1.
1538 1471 1583 1527 7.

218 1626 221 1627 ⁷
321 1573 478 1619 Cuius
507 1574 717 1621 decreti
745 1587 1033 1631 suppressa
1062 1574 1194 1619 fama
1223 1579 1305 1618 est
1331 1575 1456 1618 Veis
1484 1577 1707 1633 propter
1736 1578 1921 1618 metum
1949 1575 2122 1631 regis,
2160 1574 2270 1629 qui,
2300 1587 2322 1616 a
2351 1585 2454 1629 quo
2486 1575 2593 1619 tale
2626 1575 2753 1631 quid

207 1653 404 1702 dictum
432 1654 760 1708 referretur,
791 1668 882 1710 pro
913 1656 1204 1700 seditionis
1233 1668 1344 1698 eum
1372 1657 1615 1712 principe
1645 1668 1748 1699 non
1775 1657 1896 1699 vani
1923 1656 2187 1706 sermonis
2215 1660 2439 1700 auctore
2464 1656 2700 1702 habebat.

321 1735 554 1787 Quaeritur,
591 1747 664 1776 cur
698 1734 764 1778 ille
799 1748 957 1789 rumor,
996 1735 1258 1780 Etruscorum
1292 1739 1455 1791 gentem
1493 1734 1747 1789 decrevisse,
1785 1740 1829 1778 ut
1867 1735 2011 1780 auxilia
2039 1735 2273 1790 VeJentibus
2310 1740 2580 1792 nega-entur,
2621 1736 2753 1780 donec

207 1814 281 1857 sub
309 1827 411 1871 rege
439 1819 595 1868 essent,
625 1823 754 1865 vanus
783 1815 954 1869 dicatur,
984 1828 1074 1858 cum
1103 1816 1221 1872 paulo
1252 1820 1344 1862 ante
1370 1815 1504 1872 Livius
1532 1815 1700 1860 eandem
1727 1828 1815 1858 rem
1841 1826 1923 1857 non
1953 1819 1998 1857 ut
2023 1815 2221 1859 incertum
2249 1828 2452 1859 rumorem
2480 1815 2555 1860 sed
2584 1820 2628 1860 ιιι
2655 1829 2753 1860 cer—

205 1894 395 1937 tissimam
424 1907 510 1937 rem
540 1893 731 1936 retulerit.
789 1893 838 1935 Et
869 1894 1201 1936 Weissenbornio
1231 1894 1390 1949 quidem
1417 1894 1552 1937 Livius
1579 1895 1717 1939 dicere
1745 1895 1924 1949 videtur,
1963 1908 2105 1954 regem
2134 1895 2189 1938 illi
2217 1894 2405 1949 decreto,
2444 1897 2591 1952 quippe
2626 1896 2753 1950 quod,

207 1978 251 2016 ιιι
280 1986 333 2016 ex
363 1976 402 2027 §.
425 1974 453 2016 8
483 1978 688 2030 appareat,
718 1974 891 2016 nondum
922 1974 1044 2017 fixum
1072 1975 1309 2029 firmumque
1337 1979 1464 2029 esset,
1494 1975 1589 2017 nibil
1617 1975 1830 2018 admodum
1855 1976 2045 2017 momenti
2073 1972 2274 2017 tribuisse.
2333 1974 2416 2016 Ιιιιο
2446 1977 2576 2017 omnis
2614 1987 2753 2018 rumor

209 2065 283 2097 seu
312 2066 432 2097 verus
461 2066 534 2097 seu
561 2055 683 2097 falsus
712 2059 795 2108 est,
833 2067 922 2096 cum
951 2054 1147 2097 seditione
1185 2060 1437 2110 comparatus
1469 2068 1595 2101 vanus
1624 2056 1701 2099 dici
1730 2061 1886 2112 potest3
1927 2061 1989 2098 est
2028 2057 2151 2112 igitur
2189 2067 2367 2098 summae
2396 2057 2643 2109 severitatis,
2679 2068 2752 2098 eos

209 2134 276 2188 qui
305 2147 490 2178 rumores
518 2139 712 2191 spargunt
740 2135 921 2190 iniquoS,
949 2134 1091 2178 eodem
1119 2134 1211 2177 loco
1240 2135 1390 2179 habere
1419 2142 1539 2193 atque
1568 2148 1654 2191 θος,
1694 2138 1763 2192 qui
1792 2150 1900 2181 arma
1930 2137 2091 2193 capiunt
2118 2141 2161 2179 et
2196 2136 2248 2178 ad
2281 2137 2363 2178 vim
2399 2136 2646 2180 inferendam
2675 2137 2751 2179 de-

210 2214 430 2268 scendunt,
459 2213 500 2256 id
530 2214 638 2268 quod
668 2214 709 2256 in
738 2214 995 2256 seditionibus
1024 2214 1110 2256 fieri
1139 2215 1298 2259 assolet.

1353 2349 1414 2414 V,
1447 2350 1518 2407 18.
1553 2350 1600 2406 2.

322 2453 416 2502 Qui
462 2454 766 2506 priusquam
813 2453 1287 2506 renunciarentur,
1329 2450 1422 2504 jure
1460 2452 1620 2498 vocatis
1658 2453 1846 2498 tribubus
1890 2455 2153 2508 permissu
2193 2453 2493 2508 interregis
2532 2453 2573 2494 P.
2612 2452 2752 2495 Lici-

206 2532 325 2573 nius
355 2531 543 2579 Calvus
573 2534 645 2576 ita
673 2532 834 2575 verba
861 2531 1006 2575 fecit.

319 2612 489 2669 Magnae
520 2613 733 2660 offensioni
761 2617 853 2659 sunt
883 2612 1163 2667 interpretibus
1191 2612 1313 2655 verba
1334 2613 1457 2668 jure
1487 2613 1693 2654 vocatis
1724 2613 1982 2655 tribubus.
2041 2611 2091 2654 Et
2120 2611 2186 2653 W.
2228 2613 2390 2666 quidem
2428 2625 2476 2655 ea
2505 2623 2749 2667 supervaca-

205 2704 282 2734 nea
311 2693 429 2735 habet
458 2698 499 2736 et
527 2694 671 2748 inepta.
717 2693 915 2736 Tribunos
943 2694 1047 2735 enim
1077 2686 1263 2735 militares
1294 2692 1494 2734 consulari
1524 2696 1722 2746 potestate
1752 2703 1834 2735 non
1863 2692 2018 2734 tributis
2048 2692 2121 2735 sed
2151 2694 2384 2736 centuriatis
2413 2693 2580 2735 comitiis
2608 2690 2748 2734 solitos

205 2783 297 2815 esse
325 2774 476 2827 creari,
513 2774 706 2831 interregi
746 2786 827 2819 non
863 2775 1024 2825 licuisse
1054 2774 1199 2818 tributa
1233 2774 1389 2817 comitia
1417 2773 1588 2826 habere,
1628 2771 1772 2814 tribum
1806 2771 2002 2826 denique,
2042 2784 2145 2826 quae
2184 2774 2311 2829 prima
2346 2773 2575 2829 suffragium
2614 2771 2748 2824 uniret,

203 2863 285 2894 non
324 2855 642 2910 praerogativam
685 2855 916 2910 appellatam
956 2867 1048 2898 esse
1085 2855 1157 2898 sed
1178 2855 1442 2910 principium.
1506 2853 1613 2903 Quas
1653 2852 1704 2894 ob
1741 2864 1881 2897 causas
1923 2852 1995 2896 Tb.
2035 2851 2287 2897 Mommsenii
2326 2853 2592 2910 conjecturam
2630 2862 2750 2894 com-

202 2931 363 2974 mendat
391 2934 513 2977 verba
536 2936 658 2991 Jure
688 2937 896 2983 vocatis
924 2936 1167 2981 tribubus
1195 2936 1379 2979 mutantis
1415 2935 1457 2976 in
1486 2934 1553 2975 iis
1581 2934 1872 2975 revocatis.
1935 2933 2022 2984 Qua
2051 2933 2351 2987 emendatione,
2389 2943 2557 2985 vereor,
2594 2943 2649 2975 ne
2676 2931 2750 2974 Li-

202 3011 291 3055 vius
321 3014 547 3069 corrigatur
575 3029 658 3059 non
681 3017 831 3061 librarii
849 3021 890 3060 et
918 3021 963 3060 ut
992 3029 1075 3060 non
1097 3029 1217 3074 nego,
1246 3017 1281 3059 si
1309 3017 1352 3058 in
1379 3019 1494 3058 textu
1522 3018 1653 3068 esset,
1681 3014 1815 3057 omnia
1843 3019 1956 3057 recte
1983 3027 2075 3058 sese
2103 3014 2286 3058 habitura
2313 3026 2416 3067 esse,
2444 3014 2499 3055 ita
2528 3025 2614 3056 non
2644 3024 2750 3056 cen-

202 3090 305 3133 cedo
332 3103 421 3134 eam
451 3095 719 3145 necessariam
744 3108 858 3151 esse,
889 3097 926 3140 si
953 3096 1134 3155 quidem,
1163 3096 1271 3153 quod
1298 3095 1422 3138 semel
1449 3094 1564 3138 Livio
1592 3094 1750 3149 accidit,
1779 3099 1841 3148 ut,
1868 3094 1976 3149 quod
2006 3095 2315 3138 centuriatorum
2343 3093 2598 3136 comitiorum
2625 3096 2747 3145 esset,

200 3169 243 3213 id
271 3171 427 3224 tributis
456 3175 630 3223 comitiis
653 3176 858 3233 tribuerit,
895 3176 946 3225 cf.
978 3176 1281 3225 Weissenborn.
1312 3175 1361 3218 ad
1391 3175 1468 3229 vl,
1509 3175 1578 3217 21.
1611 3176 1653 3230 5,
1683 3175 1792 3220 idem
1816 3175 1894 3220 boc
1925 3175 2017 3220 loco
2046 3176 2085 3219 ei
2113 3174 2311 3225 accidiam-
2334 3178 2513 3225 statuam
2541 3174 2644 3217 licet.
2703 3170 2749 3215 ld

202 3251 236 3291 si
264 3254 539 3309 concesseris,
569 3256 692 3301 verba
720 3261 908 3318 suspecta
928 3257 1051 3312 J’ure
1082 3256 1291 3301 vocatis
1320 3255 1566 3306 tribubus
1595 3268 1680 3301 nen
1707 3256 1836 3300 selum
1864 3261 1955 3312 apta
1982 3256 2076 3299 huic
2102 3255 2217 3307 loco,
2251 3253 2327 3299 sed
2365 3255 2487 3299 etiam
2519 3253 2748 3299 necessaria
