3089 3733
1520 228 1579 297 ¹0

249 394 478 440 monuo
509 381 592 439 &⁹0
624 380 745 438 109⁰,
787 380 1362 449 2-‹w:ss÷.mwo
1394 382 1675 439 abennem,
1703 382 2022 439 enitimur-2
2062 381 2126 430 ’.ιιι
2155 381 2289 437 mtto
2313 380 2836 440 mmtht„

250 462 411 522 εφμριιι
441 466 507 512 ,εει
529 461 670 517 ωορδ..
706 472 792 520 4¹10
813 460 883 517 iffi
903 461 1032 516 sive·
1059 461 1344 517 Μαικία.
1372 474 1496 516 quam
1518 463 1758 517 savinum,
1790 460 2461 521 ‚quemeumque-utus
2495 463 2617 517 Quod
2651 465 2700 517 εἰ..
2724 477 2830 517 com-

252 543 448 602 mit,
485 555 571 596 aen
608 541 809 594 videbitur
846 540 1083 595 offendero,
1122 542 1159 585 si
1194 542 1371 597 emptor
1407 542 1614 596 brevitatis
1651 554 1775 595 aaz,
1810 541 1965 596 endem*
1990 552 2094 592 voce
2132 540 2185 587 do
2208 540 2388 592 absente
2408 543 2572 597 mitur,
2616 543 2740 600 idque
2777 556 2831 599 ‚eo

250 634 412 682 W,
428 623 471 680 ,εἰ
502 622 611 679 addit
639 620 915 680 ”nim-¹·-
949 621 1188 677 &evanuit
1207 621 1339 678 ,icitur
1366 621 1422 666 nd·
1446 621 1595 675 munos
1624 622 1790 674 cum-‚⁸
1812 632 1865 676 se
1891 625 2098 676 mame,
2129 632 2300 676 quorum
2329 624 2493 676 ceteros
2519 621 2562 668 in
2591 624 2834 675 mmmmm

250 702 437 757 adduxit,
468 716 588 745 unum
619 702 662 744 C.
696 702 929 757 Servilium,
961 704 1054 757 quia
1083 702 1248 757 aberat,
1278 703 1542 754 nominavit...
1864 730 1867 735 .
2454 735 2456 737 ,
2508 735 2511 737 .
2631 732 2637 741 ,
2714 736 2717 739 .
2767 733 2796 742 ,,

1398 871 1479 936 vl,
1513 871 1592 927 30.
1627 873 1673 927 6.

365 980 631 1039 Quidquid
661 985 933 1041 superfuit
962 984 1222 1030 fortunae
1251 980 1437 1040 populi
1466 985 1705 1042 Romani,
1736 985 1786 1027 id
1814 986 2037 1028 militum
2068 987 2224 1028 etiam
2255 986 2371 1028 sine
2407 989 2627 1029 rectore
2663 987 2830 1029 stabi-

247 1062 315 1104 lis
345 1064 521 1106 virtus
551 1069 726 1108 tutata
755 1069 850 1108 est.
2244 1057 2247 1061 ’

363 1142 566 1188 Fortunae
596 1157 670 1186 seu
700 1145 920 1200 genitivum
951 1156 1044 1187 esse
1075 1157 1220 1187 censes
1251 1149 1294 1187 ut
1324 1144 1414 1197 W.,
1454 1157 1529 1186 seu
1570 1149 1614 1187 ut
1644 1145 1708 1187 alii
1739 1146 1936 1200 dativum,
1978 1158 2061 1188 non
2097 1145 2259 1190 videtur
2286 1146 2385 1189 ferri
2415 1158 2548 1201 posse.
2611 1147 2679 1200 „ld
2708 1147 2828 1200 enim,

247 1226 291 1263 ut
321 1222 375 1264 ait
410 1221 662 1276 Gronovius,
701 1224 819 1265 nimis
856 1224 961 1266 elate
1001 1228 1043 1266 et
1078 1223 1213 1266 inflate
1254 1224 1403 1266 dictum
1442 1228 1518 1266 est.
1577 1223 1718 1265 Alliam
1758 1229 1827 1266 aut
1867 1223 2022 1267 Cannas
2063 1215 2236 1282 cogites.
2293 1225 2385 1268 Non
2425 1231 2559 1268 tantae
2596 1231 2711 1268 erant
2738 1227 2829 1268 illae

245 1301 388 1355 copiae
417 1301 466 1344 ab
496 1301 680 1344 hostibus
708 1303 862 1358 victae,
894 1307 938 1346 ut
968 1303 1043 1346 mis
1075 1304 1216 1346 deletis
1246 1303 1414 1346 Romani
1444 1303 1494 1345 de
1523 1315 1676 1345 summa
1704 1316 1841 1346 rerum
1871 1305 2234 1358 periclitarentur.“
2297 1306 2564 1356 Quamobrem
2594 1306 2699 1349 idem
2720 1305 2829 1348 Gro-

245 1380 393 1423 novius
418 1380 638 1438 legendum
668 1388 831 1426 censet:
872 1382 1065 1440 quidquid
1093 1381 1298 1438 supersint
1329 1380 1500 1439 (nempe
1530 1383 1580 1425 de
1610 1384 1672 1425 his
1703 1383 1974 1441 exercitibus)
2015 1376 2186 1429 fortuna
2223 1368 2365 1440 populi
2383 1381 2562 1431 'nonam
2589 1387 2632 1430 et
2659 1385 2829 1430 militnm

244 1458 370 1505 etia·
398 1456 487 1507 Sine
514 1463 676 1508 rectore
703 1463 870 1508 stabilis
898 1456 1029 1508 virtus
1058 1463 1199 1508 tutata
1227 1463 1304 1508 est.
1364 1463 1451 1506 Nec
1482 1468 1615 1506 tamen
1645 1464 1804 1506 videtur
1833 1478 1938 1517 esse,
1969 1465 2091 1520 quod,
2122 1469 2166 1506 ut
2195 1465 2261 1506 ille
2291 1462 2518 1508 faciendum
2547 1467 2712 1520 putavit,
2747 1467 2828 1508 duo

245 1540 443 1583 vocabula
481 1546 705 1596 mutemus,
745 1541 942 1587 fortunae
982 1547 1023 1585 et
1061 1542 1117 1587 ld.
1189 1542 1342 1585 Sufficit
1380 1540 1575 1586 fortunae
1616 1548 1793 1585 mutasse
1833 1545 1874 1585 in
1913 1542 2095 1588 fortuna.
2166 1543 2255 1593 Quo
2294 1543 2402 1586 facto
2439 1545 2498 1586 sic
2522 1535 2824 1605 interpretare:

245 1621 444 1676 Quidquid
476 1624 681 1677 copiarum
712 1623 909 1678 superfuit
939 1624 1100 1667 fortuna
1131 1625 1269 1679 populi
1297 1624 1465 1666 Romani
1504 1624 1530 1664 i.
1572 1637 1606 1664 e.
1649 1623 1841 1676 quidquid
1885 1635 1967 1665 non
2006 1625 2135 1678 primo
2176 1625 2306 1666 statim
2345 1626 2495 1678 impetu
2532 1625 2707 1668 hostium
2747 1638 2826 1680 op·-

243 1713 429 1755 pressum
460 1707 501 1744 et
531 1715 693 1744 caesum
724 1708 831 1755 erat,
863 1703 1054 1757 quidquid
1084 1703 1246 1745 fortuna
1276 1705 1360 1757 ipsa
1390 1704 1500 1744 urbis
1531 1703 1735 1744 Romanae
1768 1704 1815 1744 ab
1845 1704 2008 1744 interitu
2039 1705 2323 1758 vindicaverat,
2353 1704 2393 1745 id
2423 1704 2616 1746 fortitudo
2645 1706 2824 1760 ipsorum

243 1782 434 1835 militum,
466 1784 542 1824 etsi
574 1797 596 1825 a
625 1785 853 1826 rectoribus
885 1784 1062 1825 destituti
1094 1789 1230 1837 erant,
1270 1789 1391 1825 tutata
1421 1788 1484 1825 est
1495 1797 1507 1833 ;
1548 1784 1616 1836 qui
1647 1795 1729 1823 non
1760 1784 1888 1836 primo
1917 1784 2092 1824 hostium
2120 1785 2285 1825 incursu
2316 1786 2422 1826 caesi
2463 1789 2598 1838 erant,
2638 1786 2678 1826 id
2716 1786 2825 1840 quod

242 1874 296 1910 ne
332 1861 471 1915 fieret,
511 1875 587 1916 per
625 1863 854 1905 socordiam
892 1864 999 1905 enim
1036 1869 1241 1905 rectorum
1271 1864 1357 1904 fieri
1396 1863 1436 1904 id
1476 1867 1657 1916 poterat,
1699 1863 1753 1903 nil
1793 1863 1869 1903 nisi
1909 1863 2069 1904 fortuna
2106 1864 2388 1917 impediverat‚
2424 1865 2451 1905 ii
2488 1863 2705 1906 fortissime
2745 1879 2824 1919 pu-

242 1947 416 1998 gnantes
445 1955 539 1984 sese
569 1949 847 1986 servaverunt.

1381 2100 1456 2163 vl,
1493 2099 1570 2153 36.
1606 2099 1677 2154 12.

357 2211 434 2254 An
482 2213 728 2270 placeret
776 2215 1003 2258 foenore
1050 2216 1469 2258 circumventam
1508 2214 1737 2268 plebem,
1787 2213 1839 2257 ul
1888 2214 2069 2267 potius
2118 2225 2263 2266 quam
2313 2216 2512 2255 sortem
2563 2213 2820 2255 creditum

241 2293 442 2346 solvat,
484 2306 682 2350 corpus
722 2296 775 2339 in
813 2308 1029 2338 nervum
1069 2308 1127 2337 ac
1165 2296 1433 2350 supplicia
1480 2294 1604 2335 dare
1644 2299 1695 2334 et
1733 2306 1770 2347 q.
1811 2306 1846 2335 s.
2696 2274 2702 2284 ’

356 2374 472 2416 Hunc
507 2375 644 2417 locum
682 2375 748 2419 alii
788 2376 875 2418 aliis
912 2376 1155 2430 conjecturis
1196 2388 1339 2418 sanare
1376 2375 1510 2417 conati
1549 2378 1653 2417 sunt.
1722 2374 1785 2414 Fr.
1817 2372 2048 2414 Gronovius
2086 2371 2129 2415 ni
2170 2370 2483 2427 expungendum
2523 2375 2564 2412 et
2592 2372 2746 2417 sortem
2783 2373 2824 2413 in

241 2454 356 2496 sorte
384 2455 616 2497 mutandum
655 2456 825 2497 censuit.
888 2455 1014 2505 Quam
1049 2456 1320 2510 conjecturam
1354 2459 1397 2496 ut
1428 2454 1643 2509 probaret,
1674 2453 2027 2495 Drakenborchius
2058 2452 2224 2508 adjecit,
2264 2451 2368 2492 illam
2407 2451 2638 2506 particulam
2678 2464 2823 2506 reapse

240 2532 284 2573 in
313 2533 515 2575 nonnullis
546 2535 662 2577 codd.
695 2535 842 2578 deesse
883 2547 1055 2589 eamque
1092 2539 1223 2576 natam
1255 2534 1382 2576 videri
1415 2547 1469 2575 ex
1506 2534 1677 2588 repetita
1718 2533 1973 2576 antecedenti
2010 2532 2165 2574 literula
2203 2541 2242 2575 11
2283 2529 2427 2572 eodem
2464 2531 2609 2584 modo,
2648 2543 2730 2585 quo
2770 2545 2824 2574 ex

224 2613 383 2655 'eadem
411 2613 528 2657 litera
556 2625 594 2658 Ιι
623 2621 713 2658 nata
744 2621 856 2658 esset
883 2628 1174 2670 nonnunquam
1205 2615 1449 2669 praepositio
1487 2614 1542 2658 ΙΙ.
1599 2611 1727 2656 Afiam
1764 2614 1868 2655 viam
1906 2614 2116 2668 ingressus
2149 2614 2213 2653 est
2245 2609 2541 2665 Alschefskius,
2578 2611 2646 2664 qui
2674 2611 2716 2656 nl
2747 2624 2824 2654 ve-

239 2694 444 2753 rissimum
465 2694 652 2749 ¹judicans
683 2697 835 2741 sortem
866 2697 910 2739 in
939 2696 1054 2741 sorte
1086 2699 1240 2739 mutato
1270 2694 1394 2737 verba
1423 2695 1483 2737 sic
1515 2694 1821 2748 interpretatur:
1862 2691 1991 2746 „oder
2032 2691 2084 2734 ob
2129 2691 2189 2734 sie
2220 2701 2266 2733 es
2295 2689 2460 2745 billigen
2489 2689 2690 2746 konnten,
2730 2691 2822 2734 dass

239 2774 311 2815 das
340 2785 423 2815 von
463 2773 538 2815 der
568 2773 844 2818 Schuldenlast
883 2775 1250 2833 niedergedrtickte
1281 2774 1387 2816 Volk
1426 2774 1562 2815 seiner
1590 2773 1764 2815 Freiheit
1803 2772 1999 2827 verlustig
2039 2770 2166 2827 gebe,
2203 2781 2326 2814 wenn
2365 2781 2411 2812 es
2451 2769 2559 2830 nicht
2596 2770 2725 2815 heber
2764 2771 2822 2816 als

239 2855 310 2911 init
339 2853 431 2897 dem
461 2854 629 2899 blossen
659 2854 833 2909 Capitale
863 2855 934 2899 das
955 2855 1163 2913 Geborgte
1193 2854 1559 2899 wiederbezahle.“
1607 2853 1686 2895 Sed
1717 2853 1832 2896 valde
1861 2853 2021 2905 dubito,
2050 2862 2145 2893 num
2174 2849 2312 2905 potlus
2341 2862 2393 2892 eo
2422 2862 2546 2894 sensu
2575 2851 2652 2894 dici
2682 2852 2821 2908 possit.

239 2933 388 2991 Miror,
428 2947 482 2978 ue
511 2934 580 2978 W.
626 2935 786 2991 quidem
817 2935 1010 2981 Gronovii
1048 2936 1264 2981 lectionem
1299 2935 1528 2990 amplexum
1567 2946 1673 2977 esse.
1733 2934 1950 2976 Verissima
1990 2932 2200 2986 videntur,
2239 2944 2343 2986 quae
2374 2931 2603 2976 Gronovius
2642 2932 2693 2976 ad
2731 2946 2820 2976 eam

239 3015 596 3071 cemmendandam
626 3015 746 3073 dicit:
780 3016 1008 3071 „Creditum
1042 3016 1210 3072 foenus,
1240 3018 1393 3073 inquit,
1433 3028 1516 3058 non
1545 3014 1717 3058 solvitur
1745 3014 1831 3058 sola
1860 3017 1972 3057 sorte
2002 3013 2208 3067 restituta,
2247 3025 2394 3056 usurae
2423 3013 2617 3057 accedant
2645 3018 2820 3070 oportet.

236 3094 282 3139 ld
310 3098 448 3148 autem
477 3097 637 3140 volebat
664 3096 760 3153 lex,
791 3109 911 3154 quam
939 3097 995 3139 ilii
1023 3097 1221 3152 ferebant,
1250 3102 1295 3141 ut
1324 3098 1609 3152 foeneratores
1636 3100 1749 3138 sorte
1779 3095 1959 3138 contenti
1987 3098 2138 3148 essent,
2168 3094 2203 3137 si
2231 3106 2377 3149 nempe
2406 3093 2458 3137 de
2487 3095 2617 3152 capite
2645 3093 2820 3139 deducto

237 3188 308 3232 eo²
335 3175 446 3231 quod
476 3179 610 3233 usuris
632 3183 961 3236 pernumeratum
989 3184 1112 3235 esset,
1139 3179 1341 3236 reliquum
1369 3179 1510 3234 aequis
1531 3177 1792 3235 portionibus
1812 3175 2092 3219 redderetur.“
2143 3175 2305 3218 Crimini
2332 3175 2459 3233 igitur
2484 3175 2602 3222 datur
2628 3172 2820 3229 patriciis,

232 3268 321 3313 ,φη
349 3257 448 3311 nihil
476 3258 661 3314 acerbius
691 3259 769 3303 dici
800 3259 944 3315 potuit,
973 3258 1091 3309 mane
1119 3270 1195 3304 eos
1220 3258 1382 3316 plebem
1411 3259 1586 3314 foenore
1615 3258 1929 3302 circumventam
1956 3267 2106 3312 eorpus
2133 3256 2177 3299 iu
2204 3268 2375 3306 nervum
2403 3267 2453 3299 ac
2483 3252 2676 3311 supplicia
2701 3250 2817 3305 dare,
