3089 3733
1419 221 1647 308 -ὓ-

246 384 596 440 *·,qpnebtt
624 385 741 438 qma,
775 382 1298 440 postquam
1332 369 1768 440 sumu-iant,
1789 388 1908 455 ῑψ*
1900 361 2402 449 ooatffiovstfiiu
2392 378 2643 434 &Veram
2655 381 2812 442 m

245 448 910 519 mmmmm
930 455 1306 516 Μωυσῆ-η
1332 462 1577 529 priusquam
1598 458 2056 518 mrim,
2072 439 2666 522 fflwkm,
2696 455 2813 523 ὥσ

241 535 639 599 jureum,
668 537 1052 599 suffragiumiu'ire.
1108 526 1585 596 nusquamst-stet,
1599 540 1775 597 ἀήθη,
1778 531 2708 603 numscl‘iptorfluff'tadta-“w
2726 542 2814 590 dit

247 622 319 667 de
336 618 534 680 suffragio
560 619 876 680 praerogativae
924 622 1175 668 mentionem
1208 620 1328 676 iecit,
1378 621 1595 665 continuo
1607 621 1798 678 pergae
1821 624 2032 678 potuerit,
2058 614 2305 679 Μαι
2330 602 2810 671 rel-unciaraittur

245 699 408 758 Ιιηισ
416 701 640 747 addendum
658 700 828 746 videtur
855 700 981 746 fuisse
1013 701 1266 745 tribubus
1297 702 1421 758 ,iure
1461 700 1686 755 vocatis,
1715 699 1937 747 d-nbdo
1958 700 2034 758 ne,
2061 702 2104 747 id
2131 683 2241 758 qffid
2267 701 2346 748 wi
2345 695 2485 760 Μ,
2494 703 2603 749 cun
2620 698 2697 751 ὓ
2704 693 2812 762 ὥσ

247 788 473 839 sequuntur
501 782 575 826 sed
606 787 821 826 commate
831 786 953 838 post
979 782 1105 825 verba
1129 782 1256 838 iure
1284 782 1491 825 vocatis
1520 780 1769 825 tribubus
1789 778 2072 839 trampo‘sito,
2092 795 2200 828 cum
2195 784 2262 828 iis
2288 792 2394 840 qaae
2421 775 2811 841 nboeduaoe‘cod-

240 854 852 921 juganturJueccategorioo,
880 866 926 905 ut
952 862 1190 917 ita-dicam,
1218 874 1344 906 sensu
1372 861 1445 905 sed
1471 861 1732 918 hypothetico
1759 852 2048 920 intelligamur.
2086 863 2407 921 :Quod'qff'a’
2431 855 2612 911 centuria
2635 868 2811 935 praero-

247 944 384 1001 gativa
412 943 550 987 creati
566 948 728 997 essent,
767 955 1006 997 quamquam
1034 946 1198 986 ceterae
1227 945 1434 986 centuriae
1454 944 1550 999 jure
1577 946 1746 985 vocatae
1775 943 1880 986 illius
1915 940 2170 1017 suffrqlum
2181 946 2297 1000 sequi
2323 941 2526 1000 solebant,
2565 946 2698 990 tamea
2726 931 2810 990 non

249 1023 442 1065 continuo
469 1024 701 1066 renunciari
730 1025 939 1078 poterant,
967 1022 1146 1078 scriptor
1173 1027 1362 1077 tanquam
1390 1033 1482 1065 sese
1510 1022 1598 1077 ipse
1630 1020 1847 1066 emendans
1876 1020 2014 1067 addit
2010 1023 2144 1078 jure
2182 1023 2390 1104 vocatis
2430 1023 2679 1069 tribubus
2712 1023 2748 1070 i'.
2766 1038 2806 1070 e.

249 1103 359 1157 quod
387 1103 542 1145 scilicet
569 1103 655 1145 fieri
684 1113 768 1143 non
797 1105 977 1156 poterat,
1007 1103 1087 1144 nisi
1116 1103 1264 1145 ceteris
1291 1101 1481 1145 centuriis
1503 1101 1598 1157 ,iure
1627 1102 1795 1144 vocatis.
2114 1109 2117 1114 ’
2153 1116 2155 1118 ·

1396 1235 1452 1301 V,
1494 1235 1574 1292 26.
1608 1236 1654 1289 6.

364 1341 615 1383 camillus
663 1340 927 1393 captivum
974 1338 1202 1383 tance-
1248 1351 1312 1380 ex
1359 1339 1505 1394 agris
1553 1343 1774 1381 secutus
1821 1337 2000 1380 ducem
2040 1359 2096 1368 -·
2142 1339 2522 1394 superioribus
2568 1340 2705 1383 locis
2752 1351 2807 1383 se

249 1420 505 1463 ostendit.

364 1499 468 1550 Quid
495 1498 572 1542 sibi
600 1498 684 1541 vult
712 1498 977 1553 captivum
1005 1497 1232 1542 iadice-
1268 1502 1489 1541 secutus
1518 1495 1732 1540 ducem?
1791 1495 1930 1540 Scribe
1957 1495 2135 1542 hilde·
2161 1509 2224 1540 ex
2255 1498 2414 1554 agris.
2470 1497 2580 1542 Haec
2609 1499 2712 1542 ratio
2740 1499 2808 1542 lo-

248 1579 397 1634 quendi
424 1583 505 1621 tam
534 1577 680 1621 crebro
708 1581 750 1620 et
779 1576 884 1633 apud
902 1576 1057 1620 Livium
1086 1580 1129 1619 et
1156 1576 1263 1632 apud
1292 1576 1528 1621 Ciceronem
1556 1578 1771 1631 invenitur,
1800 1582 1845 1622 ut
1872 1590 1925 1622 ne
1954 1590 2104 1634 operae
2132 1577 2293 1634 quidem
2322 1580 2494 1636 pretium
2522 1580 2590 1635 sit,
2618 1580 2806 1636 exempla

247 1661 336 1717 ejus
369 1671 469 1704 usus
507 1659 669 1703 afferre.
727 1657 808 1703 Sed
843 1657 887 1702 id
920 1656 1016 1701 nolo
1045 1658 1205 1702 silentio
1243 1660 1486 1714 praeterire,
1526 1658 1698 1703 eandem
1732 1659 2026 1715 conjecturam,
2064 1663 2326 1715 posteaquam
2353 1661 2397 1704 iu
2431 1660 2520 1704 eam
2559 1659 2703 1715 incidi,
2743 1673 2808 1704 me

246 1739 398 1784 vidisse
424 1740 506 1796 jam
537 1753 561 1783 a
586 1739 738 1783 Kernio
765 1738 915 1796 Stuttg.
945 1738 1103 1795 publice
1133 1740 1375 1795 propositam
1403 1739 1542 1783 fuisse.
1601 1739 1646 1783 ld
1675 1751 1798 1795 quum
1825 1739 2199 1784 Weissenbornium
2227 1751 2310 1784 nou
2337 1740 2500 1798 fugerit,
2529 1740 2622 1785 vide
2649 1740 2714 1784 ed.
2741 1741 2809 1784 alt.

249 1820 403 1865 Τοήιι.
438 1821 529 1864 Vol.
559 1820 590 1863 1.
618 1832 658 1877 p.
679 1818 881 1874 CXXVII,
916 1820 1064 1875 miror,
1108 1820 1365 1875 quamobrem
1393 1832 1484 1864 eam
1510 1820 1552 1863 in
1589 1825 1745 1864 textum
1773 1831 1856 1864 non
1891 1821 2106 1876 receperit.
2163 1820 2304 1864 Lectio
2325 1819 2503 1866 ‘taam
2531 1822 2648 1877 plane
2676 1822 2810 1878 inepta

250 1905 336 1956 est,
371 1901 538 1946 mutatio
568 1904 699 1944 autem
730 1912 800 1955 ea,
828 1904 874 1944 ut
901 1899 1059 1944 facilior
1087 1900 1258 1957 cogitari
1288 1911 1370 1943 non
1398 1901 1541 1956 possit.

1388 2033 1445 2099 V,
1485 2034 1565 2091 26.
1605 2033 1676 2092 1⁰.

365 2139 767 2193 Videbaturque
807 2150 974 2194 aeque
1013 2138 1301 2182 diuturnus
1338 2137 1555 2181 futurus
1599 2137 1751 2180 labor
1788 2151 1847 2181 ac
1885 2138 2010 2180 Veis
2047 2136 2267 2191 fuisset,
2306 2138 2357 2180 ni
2393 2137 2610 2182 fortuna
2647 2139 2808 2194 impe-

249 2221 423 2263 ratori
468 2220 696 2263 Romano
740 2218 896 2262 simul
949 2223 1000 2261 et
1047 2216 1304 2272 cognitae
1355 2217 1513 2262 rebus
1570 2216 1791 2262 bellicis
1844 2217 2068 2260 virtutis
2120 2217 2392 2273 specimen
2447 2222 2501 2260 et
2558 2221 2807 2262 maturam

248 2301 534 2343 victoriam
573 2300 827 2342 dedisset.

364 2380 409 2422 ln
437 2380 501 2422 bis
530 2380 666 2422 verbis
693 2378 1002 2434 interpretandis
1027 2378 1383 2421 Weissenbornius
1414 2388 1651 2431 quamquam
1680 2380 1804 2434 negat
1831 2377 1927 2420 satis
1955 2377 2131 2432 liquere,
2160 2376 2364 2434 specimen
2393 2377 2657 2421 nominativus
2684 2382 2807 2432 esset,

250 2473 303 2504 an
330 2461 604 2514 accusativus,
641 2464 777 2502 tamen
810 2459 944 2514 potius
981 2458 1055 2500 sibi
1091 2457 1219 2500 videri
1252 2459 1307 2500 ait
1343 2458 1547 2513 specimen
1584 2460 1869 2503 nominativum
1905 2470 1998 2502 esse
2037 2471 2155 2514 quam
2193 2459 2474 2502 accusativum.
2532 2458 2670 2514 ltaque
2706 2458 2809 2502 banc

250 2542 340 2585 fere
370 2544 503 2585 statuit
532 2542 770 2584 sententiam
809 2552 904 2583 esse
932 2537 1051 2595 liujus
1080 2539 1180 2581 loci:
1224 2551 1368 2593 „wenn
1405 2540 1512 2583 nicht
1552 2540 1624 2583 das
1660 2539 1788 2583 Gliick
1824 2539 1906 2582 und
1945 2538 2129 2596 zugleich
2168 2537 2233 2582 die
2270 2538 2421 2582 bereits
2454 2539 2497 2582 in
2525 2537 2605 2582 den
2632 2533 2809 2596 Kriegen

229 2615 443 2677 'erprobte
471 2622 742 2678 Tuchtigkeit‚
774 2621 1068 2677 Seelengriisse
1098 2620 1209 2661 nicht
1237 2631 1315 2661 nur
1343 2620 1434 2661 eine
1461 2620 1724 2677 langwierige
1751 2620 2029 2676 Belagerung,
2069 2619 2134 2662 die
2162 2630 2254 2663 man
2281 2617 2501 2674 mrcbtete‚
2530 2619 2806 2676 abgewendet,

248 2702 431 2745 sondern
460 2713 585 2758 sogar
612 2704 732 2744 einen
762 2701 968 2744 schnellen
997 2700 1097 2757 Sieg
1125 2699 1315 2757 gegeben
1342 2700 1491 2742 Ιιὶιιιιι.ις

362 2781 424 2824 De
452 2792 538 2836 quo
565 2780 658 2823 loco
685 2792 737 2823 eo
766 2780 894 2836 magis
922 2780 1017 2833 quid
1039 2779 1219 2834 Judicem
1248 2791 1491 2833 expromere
1519 2780 1667 2833 audeo,
1699 2781 1808 2834 quod
1837 2780 2090 2823 doctissimus
2117 2780 2185 2822 ille
2213 2781 2277 2822 vir
2304 2753 2532 2836 significare
2560 2781 2736 2835 videtur,
2766 2783 2807 2822 in

250 2872 303 2905 co
329 2860 635 2918 interpretando
664 2873 746 2904 non
772 2861 889 2916 plane
918 2872 965 2904 se
993 2861 1069 2904 sibi
1098 2861 1194 2904 satis
1223 2859 1384 2904 fecisse.

364 2941 426 2985 Ac
453 2943 627 2998 primum
657 2940 816 2996 quidem
844 2940 1005 2995 dubito,
1046 2953 1140 2983 num
1169 2940 1259 2996 quis
1289 2939 1426 2984 dicere
1456 2940 1602 2995 possit,
1670 2941 1796 2984 rtutis
1825 2941 2028 2996 spect-en
2056 2945 2251 2984 maturam
2281 2942 2487 2986 victoriam
2515 2943 2694 2997 dedisse,
2731 2944 2808 2986 etsi

252 3023 351 3067 satis
377 3028 490 3067 recte
520 3023 600 3066 dici
627 3022 779 3077 possit,
819 3021 1019 3065 fortunam
1058 3021 1217 3064 dedisse
1256 3026 1449 3064 maturam
1484 3021 1706 3063 victoriam.
1763 3021 1918 3064 Deinde
1956 3021 2137 3074 quisnam
2166 3021 2234 3064 dat
2261 3023 2465 3077 specimen
2484 3024 2554 3067 vrei
2580 3020 2808 3077 cos-itan

251 3103 438 3159 Denique
466 3104 555 3158 quis
592 3101 742 3156 credit,
781 3100 1006 3156 Camillum,
1043 3104 1255 3157 postquam
1284 3099 1420 3145 Gallos
1453 3099 1604 3144 fuderit
1644 3113 1918 3156 summamque
1955 3101 2123 3157 gloriam
2162 3101 2342 3145 belbcam
2378 3103 2466 3146 sibi·
2492 3104 2718 3160 pepererit,
2757 3102 2806 3145 ab

252 3186 409 3230 eodem‘
427 3185 646 3240 scripum,
676 3184 747 3239 qui
776 3195 917 3226 omnes
943 3194 1012 3226 res
1039 3183 1088 3226 ab
1118 3194 1171 3226 eo
1201 3187 1337 3241 gestas
1366 3183 1556 3239 exposuit
1565 3196 1583 3237 ,·
1607 3181 1685 3225 dici
1719 3181 1925 3238 specimen
1960 3181 2116 3225 virtutis
2153 3181 2306 3227 bellicis
2334 3184 2457 3229 rebus
2494 3185 2681 3243 cognitae
2701 3183 2807 3227 'edi-

254 3265 384 3310 disse!
442 3263 630 3321 Accedit,
660 3266 770 3321 quod
797 3265 984 3309 Camillus
1011 3265 1119 3309 illum
1149 3265 1343 3321 pertidum
1369 3265 1687 3321 ludimagistrum
1705 3265 1868 3308 Faliscis
1895 3264 2057 3309 tradens
2085 3276 2170 3308 nou
2195 3264 2371 3312 belliue
2402 3266 2561 3310 virtutis
2587 3265 2661 3309 sed
2688 3265 2807 3309 animi
