3089 3733
1468 241 1528 311 §i

208 394 934 485 „munemita-emutat
941 394 1247 460 ιιαιιαοιίιιιιι
1242 397 2167 465 wmnfflmmm
2176 410 2257 466 φία
2295 410 2777 467 φαίιίιιιιιιιιιιιιιιιί

207 474 851 543 minema-tim,
850 471 1838 548 mumma-esmona&
1845 476 2781 552 mmmmm-:meam-

207 554 987 627 msfflrufflumfflvinutem
995 562 1186 620 cumae·
1193 566 1518 629 ναίωαιααιιι
1524 569 1634 613 αι-
1661 566 1914 613 ιιιιιιεαιιιιίε
1932 559 2308 625 νίιιαιαίίὸιιαίο·
2330 569 2547 617 mmm
2571 572 2778 632 qoem·

209 635 624 694 ιιοιιιισιιιιιιιεῖπω
645 647 721 691 sed
754 644 1045 691 *efflvnnr'
1066 650 1159 692 me
1180 649 1467 706 judocum.
1490 648 1594 695 nec*
1608 637 1873 750 scrupalum
1876 649 1996 693 ιιιίΙιΡ
2001 649 2175 708 injicit?
2181 647 2412 706 ffl'W.
2444 652 2539 696 dicit
2572 642 2783 725 ιω

206 729 424 777 victoria·
450 729 602 785 opponi
629 728 820 772 diutiirno
847 728 977 772 labori
1004 739 1087 771 non
1114 727 1278 775 'mutis
1306 731 1572 787 speci-en·
1589 746 1592 749 ·

323 810 396 854 Est
423 809 531 852 enim
562 808 644 852 boc
671 809 879 865 proprium
907 812 951 851 et
967 808 1238 852 Romanorum
1266 814 1309 853 et
1327 810 1591 866 Graecorum,
1620 814 1667 853 ut
1696 821 1771 866 pro
1789 810 1910 854 insito
1929 811 2071 853 animis
2096 811 2255 867 vigore,
2284 815 2495 866 antequam
2515 814 2773 869 contrarium,

210 891 318 948 quod
354 892 396 935 in
436 893 572 935 mente
607 890 778 946 babent,
815 889 1044 947 proferant,
1082 901 1165 934 non
1203 903 1299 936 raro
1338 890 1703 937 alfimfffflotidn'em
1737 891 2018 948 interponant,
2056 891 2096 935 ei
2131 891 2231 947 ipsi,
2269 904 2389 947 quam
2418 892 2642 949 oppodturi
2668 898 2774 950 sunt,

208 971 463 1016 contrariam.
520 970 670 1015 Eadem
700 971 857 1015 ratione
886 971 1147 1026 explicandus
1174 972 1270 1015 mibi
1296 971 1456 1016 videtur
1486 971 1605 1014 Hom.
1633 971 1685 1014 Jl.
1715 970 1846 1025 XXII,
1875 983 1916 1015 v.
1948 970 2071 1027 109,
2093 971 2163 1014 ubi
2189 970 2342 1016 Hector
2369 972 2485 1016 dicit:

490 1047 554 1097 ὥς
582 1046 808 1103 ἐρέουσιν·
838 1047 942 1100 ἐμοὶ
972 1045 1019 1093 δὲ
1045 1048 1140 1093 τότ’
1173 1048 1236 1094 ὃν
1264 1048 1391 1094 πολύ
1423 1044 1616 1104 κέρδιον
1643 1047 1734 1105 ‘²⁹¹7-

490 1122 637 1186 ἄντην
664 1125 695 1185 ἢ
726 1127 940 1186 Ἀχιλῆα
969 1128 1324 1173 κατακτείναντα
1353 1127 1538 1173 νέεσθαι

490 1206 547 1264 ἠέ
574 1223 652 1250 κεν
682 1206 832 1250 αὐτόν
861 1207 1062 1252 ὀλέσθαι
1090 1208 1308 1258 ἔῦκλειῶς
1334 1207 1429 1266 πρὸ
1465 1206 1664 1265 πολῆος.

321 1289 494 1344 Hector,
531 1288 600 1331 ubi
631 1292 815 1332 metuere
843 1300 889 1331 se
928 1289 1048 1345 dixit,
1087 1302 1140 1334 ne
1168 1291 1222 1347 in,
1238 1290 1380 1334 urbem
1408 1287 1620 1346 refugiens
1650 1288 1833 1344 Trojanis
1862 1287 1997 1331 irrisui
2025 1286 2152 1342 foret,
2190 1288 2344 1346 pergit:
2384 1292 2468 1332 tum
2495 1288 2621 1333 multo
2649 1288 2777 1332 satius

208 1370 304 1414 mihi
333 1369 475 1423 fuerit,
508 1369 765 1413 resistentem
794 1374 862 1412 aut
889 1368 1044 1428 Achille
1072 1371 1287 1415 interemto
1314 1369 1451 1414 redire
1479 1373 1549 1413 aut
1576 1369 1708 1425 ipsum
1745 1379 1821 1424 pro
1850 1366 2061 1411 moenibus
2087 1366 2267 1410 interire.
2326 1366 2459 1410 Cuivis
2487 1372 2621 1412 antem
2649 1380 2779 1424 appa-

206 1451 331 1503 rebit,
363 1450 580 1492 Hectorem
609 1449 652 1490 in
680 1448 811 1491 animo
841 1448 1027 1492 habuisse
1057 1449 1217 1503 dicere,
1255 1450 1381 1492 satius
1420 1450 1497 1492 sibi
1532 1450 1710 1495 futurum
1751 1462 1843 1493 esse
1881 1448 1948 1492 vel
1986 1447 2154 1491 interire
2182 1447 2286 1502 pede
2315 1460 2406 1491 cum
2434 1446 2589 1492 Achille
2613 1448 2780 1493 collato.

207 1530 288 1575 Sed
317 1533 530 1583 antequam
559 1527 669 1583 quod
706 1540 829 1571 unum
858 1529 983 1572 satius
1011 1526 1106 1572 es‘se
1135 1529 1214 1572 dici
1243 1534 1377 1585 potest
1414 1529 1598 1585 profert,
1629 1530 1802 1573 animum
1833 1529 1921 1585 ejus
1950 1528 2058 1572 subit
2086 1528 2297 1586 cogitatio,
2329 1527 2417 1571 fieri
2447 1540 2595 1585 posse,
2631 1533 2679 1572 nt
2706 1542 2781 1573 re-

206 1612 353 1655 sistens
380 1607 526 1653 Achilli
552 1620 646 1651 eum
673 1609 828 1662 vincat,
856 1608 978 1664 idque
1007 1609 1240 1664 interponit.

320 1689 513 1748 Ejusdem
541 1690 707 1747 generis
736 1694 799 1732 est
827 1690 909 1732 Cic.
942 1690 984 1732 in
1020 1689 1138 1732 Caec.
1171 1689 1232 1732 1.:
1267 1690 1384 1733 Cum
1423 1695 1685 1746 quaestor
1722 1692 1775 1735 in
1814 1690 2004 1735 Sicilia
2040 1689 2284 1746 fuissem,
2319 1689 2561 1746 judices,
2597 1689 2782 1745 itaque

208 1786 270 1817 ex
298 1785 354 1816 ea
383 1770 664 1827 provincia
701 1770 1075 1825 decessissem,
1115 1774 1166 1813 ut
1195 1769 1395 1815 Siculis
1434 1772 1676 1815 omnibus
1712 1771 1993 1828 jucundam
2032 1770 2444 1826 diuturnamque
2483 1771 2782 1814 memoriam

208 1855 535 1908 quaesturae
572 1851 908 1905 nominisque
945 1852 1044 1894 mei
1080 1851 1469 1906 relinquerem:
1509 1852 1707 1895 factum
1746 1857 1850 1907 est,
1888 1853 1965 1895 uti
1999 1864 2112 1895 cum
2139 1862 2381 1894 summum
2419 1852 2472 1894 in
2500 1851 2781 1895 veteribus

208 1931 454 1988 patronis
501 1930 682 1973 multis
720 1935 822 1973 tum
874 1931 1184 1973 nonnullum
1223 1933 1380 1974 etiam
1417 1934 1468 1974 in
1517 1946 1592 1975 me
1633 1933 1963 1988 praesidium
2001 1934 2114 1975 suis
2152 1931 2391 1975 fortunis
2429 1932 2782 1975 constitutum

207 2024 329 2056 esse
369 2011 780 2054 arbitrarentur.

324 2091 578 2134 Manifestum
610 2096 695 2144 est,
726 2092 888 2132 alteram
918 2091 1232 2132 enuntiationem
1261 2104 1345 2133 non
1375 2105 1539 2135 manare
1572 2106 1627 2134 ex
1656 2094 1828 2147 protasi,
1859 2092 1941 2136 sed
1971 2105 2060 2134 eam
2090 2096 2135 2133 ut
2164 2096 2355 2145 poneret,
2396 2095 2598 2133 oratorem
2626 2090 2782 2133 adduc-

210 2177 294 2214 tum
324 2183 418 2214 esse
447 2184 497 2213 ea
525 2171 685 2213 demum
714 2171 934 2222 sententia,
964 2182 1083 2223 quam
1112 2171 1154 2211 in
1185 2172 1317 2212 animo
1346 2172 1519 2214 habebat
1550 2184 1626 2226 pro
1657 2172 1825 2226 apodosi
1855 2184 2023 2226 ponere.

325 2251 392 2294 Sic
419 2250 555 2294 Livius
585 2263 708 2304 quum
740 2249 916 2292 dicturus
946 2249 1109 2302 fuisset,
1147 2249 1187 2291 id
1217 2251 1328 2304 quod
1357 2252 1422 2295 vir
1449 2252 1516 2295 ille
1547 2251 1803 2295 doctissimus
1833 2253 1930 2307 vult,
1960 2254 2002 2295 ni
2028 2252 2191 2295 fortuna
2218 2255 2470 2294 maturam
2498 2250 2783 2293 victoriam

212 2331 410 2384 dedisset,
450 2332 493 2373 in
530 2334 705 2373 mentem
744 2330 783 2371 ei
819 2330 948 2382 venit,
986 2329 1101 2371 simul
1131 2329 1292 2372 Camillo
1333 2333 1591 2374 occasionem
1629 2333 1800 2375 oblatam
1840 2345 1933 2375 esse
1972 2333 2178 2387 specimen
2215 2331 2373 2373 virtutis
2409 2329 2568 2373 edendi.
2627 2328 2786 2373 nanu·-

214 2416 346 2456 autem
375 2408 545 2454 victoria
574 2415 616 2454 et
644 2411 849 2466 specimen
878 2410 1034 2453 virtutis
1063 2412 1174 2453 recte
1204 2423 1228 2453 a
1257 2412 1457 2467 scriptore
1487 2413 1595 2456 inter
1623 2425 1670 2456 se
1702 2417 1971 2469 opponuntur.
2021 2412 2261 2467 Plerumque
2289 2411 2416 2467 enim,
2447 2411 2591 2468 qubus
2621 2409 2786 2455 fortuna

214 2498 408 2536 maturam
435 2493 644 2535 victoriam
673 2491 762 2545 dat,
795 2490 935 2533 iisdem
964 2491 1120 2533 virtutis
1150 2491 1412 2534 ostentandae
1443 2485 1701 2537 occasionem
1730 2494 1918 2550 denegat.

1368 2625 1444 2691 vl,
1477 2627 1557 2683 w.
1589 2628 1636 2683 8.

329 2730 401 2771 Ad
433 2730 531 2771 hoc
561 2733 808 2771 servatos
839 2740 902 2769 ex
931 2728 1176 2770 hostibus
1206 2729 1353 2770 cives
1383 2729 1665 2784 produxit,
1704 2731 1850 2771 inter
1889 2741 2021 2784 quos
2058 2730 2104 2772 C.
2147 2730 2439 2773 Servilium
2477 2730 2787 2785 magist-rum

216 2809 450 2862 equitum
480 2808 753 2851 absentem
783 2807 1115 2852 nominatum.

330 2889 464 2931 Verba
491 2891 634 2931 inter
663 2900 793 2942 quos
822 2912 879 2919 —-
911 2890 1230 2930 nominatum
1271 2890 1476 2941 quaeritur
1507 2894 1548 2930 et
1578 2901 1660 2943 qno
1700 2901 1825 2931 sensu
1865 2890 2124 2946 intelligenda
2153 2892 2234 2934 sint
2265 2895 2308 2933 et
2335 2890 2442 2932 unde
2471 2888 2684 2943 pendeant,
2736 2888 2789 2931 Et

215 2964 490 3012 Alschefskius
520 2968 680 3024 quidem
710 2981 758 3011 ea
787 2967 966 3023 pendere
998 2973 1137 3011 censet
1165 2981 1219 3010 ex
1244 2979 1347 3011 voce
1376 2968 1516 3013 dicunt
1545 2983 1650 3024 quae
1683 2968 1905 3025 supplenda
1924 2970 1997 3014 sit.
2043 2970 2110 3014 W.
2142 2969 2343 3014 autemid
2378 2970 2492 3011 nimis
2521 2967 2668 3012 durum
2695 2980 2790 3012 esse

217 3058 295 3087 nec
324 3048 392 3101 qui
421 3048 582 3091 abesset
609 3045 787 3105 produci
807 3056 945 3103 posse
958 3049 1109 3103 dicens,
1141 3049 1182 3091 G.
1216 3048 1501 3091 Servilium
1535 3073 1586 3080 —
1622 3051 1945 3092 nominatum
1976 3064 2000 3093 e
2026 3052 2160 3094 verbo
2182 3051 2437 3108 produxit
2464 3049 2650 3105 pendere
2674 3051 2791 3105 putat

218 3130 260 3169 et
286 3122 615 3185 magistrum
625 3129 859 3199 equitum
890 3129 1186 3173 absentem
1191 3130 1496 3173 nominatum
1523 3129 1600 3187 pr'o
1622 3130 1813 3175 attributo
1833 3130 1965 3175 babet.
2029 3129 2157 3175 Cum
2175 3131 2310 3176 alios
2340 3131 2490 3173 cives
2519 3128 2792 3187 produxit,

217 3211 338 3251 tum
334 3201 407 3252 (3
428 3195 738 3267 Servilium,
763 3209 858 3267 qni
886 3206 1144 3270 magister
1170 3211 1408 3267 'equitum
1438 3210 1660 3257 absens
1672 3212 1993 3258 nominatus
2009 3216 2162 3257 erat
2168 3211 2272 3258 Sed
2312 3211 2470 3256 mirum
2498 3210 2582 3267 est,
2621 3210 2792 3266 Liviam,

219 3281 300 3340 qno
323 3288 430 3334 loco
443 3285 603 3335 debuit
617 3289 754 3336 dicere
767 3288 1000 3337 Servilium
1015 3291 1233 3337 absentem
1251 3292 1519 3350 magistrum*
1529 3295 1707 3350 equitum
1738 3290 1984 3338 nominatum
2008 3295 2126 3349 esse,
2162 3304 2246 3337 non
2274 3294 2635 3347 commemorasse,
2667 3292 2795 3337 ccm-

2382 3364 2410 3406 2
