3089 3733
226 392 381 437 viter.
405 401 629 451 narrare
670 390 991 445 poteri-us,
1021 406 1130 435 ....·.
1169 389 1231 441 „si
1254 391 1443 440 exitus
1476 402 1664 443 rerum
1700 391 1775 435 ita
1823 403 2100 447 ponemus,
2147 395 2202 436 ut
2239 397 2360 437 aute
2403 406 2620 450 quoque
2656 407 2791 449 quae

224 471 367 513 sacta
405 474 527 511 sunt
564 471 700 512 sciri
735 471 1224 525 passing-tametsi
1264 480 1361 514 nos
1398 471 1798 518 retinuerimus.

1321 601 1690 671 ”nstiti-

340 706 478 750 Nero
515 720 573 750 ea
613 711 795 762 nocte,
843 720 978 762 quae
1006 711 1193 751 secuta
1231 712 1313 750 est
1351 717 1599 765 pugnam,
1648 710 1906 753 citatiore
1950 722 2098 766 quam
2151 710 2272 752 inde
2320 716 2544 753 venerat
2583 715 2786 793 agmine

227 785 310 829 die
348 792 506 830 sexto
555 787 615 830 ad
653 786 852 831 stativa
891 801 982 831 sua
1021 792 1180 842 atque
1217 787 1424 831 hostem
1461 789 1726 856 pervenit.

337 867 447 910 Haec
475 867 666 922 periodus
694 867 898 925 quomodo
917 867 1170 929 expedienda
1197 868 1265 922 sit,
1295 881 1379 911 non
1401 869 1534 922 video,
1564 880 1803 924 quamquam
1824 880 1943 911 nemo
1964 868 2093 911 adhuc
2114 867 2293 911 offendit.
2343 870 2444 913 Vide
2473 871 2618 914 modo:
2649 871 2787 915 Nero

224 949 477 1004 pervenit
512 947 595 991 die
636 953 792 992 sexto
829 948 889 992 ad
925 948 1122 992 stativa
1161 949 1418 992 citatiore
1457 949 1664 1006 agmine
1703 962 1851 1004 quam
1889 931 2012 991 inde
2050 953 2297 1001 venerat3
2327 949 2427 993 haec
2456 953 2605 1006 optime
2635 966 2681 996 se
2709 953 2786 996 ha-

224 1030 340 1079 bent3
371 1029 444 1071 sed
472 1029 568 1083 quid
588 1028 815 1070 faciundum
842 1029 1008 1082 reliquis
1037 1029 1190 1070 verbis:
1221 1042 1278 1071 ea
1307 1034 1489 1083 nocte,
1520 1042 1652 1083 quae
1690 1035 1874 1072 secuta
1913 1034 1994 1071 est
2035 1029 2290 1086 pugnam?
2348 1031 2438 1073 Non
2460 1032 2612 1087 dubito,
2634 1035 2788 1076 etiamsi

222 1111 265 1151 in
294 1109 404 1152 nullo
433 1108 574 1151 codice
602 1110 842 1162 inveniatur,
873 1108 1073 1151 excidisse
1105 1109 1380 1163 „profectus.“

1323 1241 1516 1308 RVH,
1551 1242 1621 1299 15.
1638 1242 1701 1298 ὅ.

336 1345 455 1387 Nam
488 1357 648 1400 super
677 1350 859 1388 cetera
888 1345 1161 1399 elephanti
1191 1346 1346 1402 etiam
1378 1370 1425 1378 --
1464 1359 1488 1387 e
1517 1332 1772 1388 cornibus
1801 1347 1852 1387 in
1881 1344 2098 1388 mediam
2127 1346 2290 1388 aciem
2320 1358 2441 1388 sese
2471 1347 2783 1390 intulerant.

336 1426 495 1468 Nexum
527 1427 814 1469 sententiarum
843 1427 973 1468 minus
1003 1426 1153 1468 clarum
1183 1439 1276 1469 esse
1306 1427 1444 1469 dicens
1463 1425 1530 1469 W.
1551 1425 1706 1468 Livium
1730 1423 1818 1477 ja·
1846 1425 1913 1468 vel
1941 1425 2027 1470 tn-
2054 1427 2265 1481 scripsisse
2295 1427 2539 1481 suspicatur:
2573 1428 2682 1481 „Der
2702 1429 2786 1472 Ge-

223 1506 720 1563 dankenzusammenhang
767 1508 819 1548 ist
864 1507 972 1548 nicht
1011 1506 1121 1558 klar3
1167 1519 1290 1549 wenn
1327 1507 1462 1548 Livius
1501 1506 1611 1548 nicht
1648 1511 1753 1548 etwa
1785 1505 1875 1558 jam
1913 1507 2013 1549 oder
2049 1508 2134 1551 tun
2172 1507 2437 1563 geschrieben
2474 1509 2564 1561 hat,
2613 1511 2666 1551 ist
2708 1523 2785 1552 an-

221 1587 470 1641 zunehmen,
511 1587 604 1629 dass
641 1587 848 1629 entweder
878 1588 952 1629 der
986 1600 1037 1629 zu
1071 1587 1361 1643 begriindende
1392 1586 1583 1629 Gedanke
1611 1587 1732 1629 fehlt:
1771 1582 1907 1630 indess
1939 1588 2040 1630 auch
2072 1589 2115 1629 in
2143 1588 2277 1630 dieser
2306 1589 2487 1645 Stellung
2514 1589 2696 1631 konnten
2727 1593 2785 1633 sie

221 1669 332 1712 nicht
358 1669 532 1722 bleiben,
560 1669 669 1711 denn
698 1682 737 1710 u.
767 1682 800 1710 s.
835 1682 903 1722 w.,
935 1669 1035 1711 oder
1063 1669 1156 1710 dass
1184 1669 1262 1710 das
1284 1669 1363 1710 den
1382 1668 1577 1724 Riickzug
1605 1668 1916 1713 vemalassende
1946 1669 2126 1711 Moment
2146 1669 2212 1711 als
2241 1669 2313 1711 das
2341 1669 2577 1725 wicbtigere
2604 1672 2684 1714 wie
2713 1672 2782 1725 26,

222 1751 262 1792 5.
293 1751 335 1792 5.
365 1761 779 1805 vorweggenommen
813 1749 894 1790 und
933 1750 993 1791 als
1021 1749 1315 1806 selbstandiger
1353 1749 1444 1791 Satz
1482 1749 1695 1791 behandelt
1724 1751 1799 1802 ist,
1839 1750 1890 1792 da
1925 1763 2015 1793 man
2052 1744 2157 1792 etwa
2193 1750 2412 1806 folgenden
2441 1751 2786 1807 zmmmenhnng

222 1833 435 1871 erwartet:
474 1834 595 1883 atque
624 1829 745 1882 sessi,
784 1842 876 1872 cum
912 1829 1111 1884 elephanti
1139 1830 1259 1871 etiam
1287 1852 1342 1859 —
1372 1842 1466 1871 sese
1494 1830 1743 1883 intulissent,
1777 1853 1828 1860 —
1859 1831 2037 1874 retulere
2066 1831 2249 1885 pedem.“
2311 1831 2407 1874 ltili
2436 1844 2520 1874 non
2548 1832 2705 1875 videtur
2734 1834 2784 1876 sd

220 1911 312 1951 talia
352 1922 443 1951 esse
483 1909 829 1963 descendendum,
868 1921 936 1950 res
965 1910 1080 1963 plana
1112 1923 1159 1951 ac
1188 1910 1358 1964 simplex
1386 1910 1557 1951 videtur.
1618 1909 1682 1951 Ad
1715 1909 1866 1951 medias
1897 1911 2004 1952 acies
2033 1911 2237 1966 aliquanto
2265 1912 2396 1954 serius
2425 1913 2610 1966 pervenit
2635 1925 2781 1969 pugna.

219 1990 319 2032 Nam
349 1990 400 2032 ad
428 2002 482 2031 ea·
505 2002 610 2044 quae
631 1989 765 2044 Scipio
795 1989 1015 2044 prudenter
1044 1990 1288 2043 instituerat,
1319 2003 1385 2043 ne,
1416 1990 1524 2044 quod
1553 1990 1679 2032 robur
1707 1990 1933 2033 Poenorum
1962 1992 2168 2034 exercitus
2196 1995 2303 2046 erat,
2335 2004 2511 2048 pugnam
2539 1997 2781 2048 capesseret,

219 2074 407 2123 antquum
447 2081 600 2112 cornua
638 2069 812 2111 hostium
852 2069 1008 2112 devicta
1044 2073 1202 2123 essent,
1241 2069 1281 2111 id
1318 2082 1482 2124 quoque
1521 2069 1713 2122 accessit,
1753 2070 1863 2122 quod
1901 2070 2008 2113 forte
2043 2071 2205 2114 fortuna
2234 2071 2434 2126 elephanti
2469 2085 2493 2114 e
2523 2073 2711 2115 cornibus
2740 2075 2781 2116 in

218 2149 386 2193 mediam
416 2150 543 2192 aciem
571 2161 664 2191 sese
692 2149 920 2202 intulerant,
950 2153 995 2191 ut
1023 2161 1075 2191 eo
1105 2150 1224 2193 etiam
1251 2147 1383 2194 ninus
1411 2162 1501 2192 cum
1530 2149 1719 2192 Romanis
1749 2150 1943 2206 congredi
1972 2156 2151 2206 possent.

1281 2287 1493 2358 xxvm,
1527 2285 1596 2341 14.
1630 2285 1701 2343 19.

329 2386 524 2429 Etiam
571 2385 940 2429 conflixerant
988 2398 1212 2440 cornua,
1272 2400 1404 2442 cum,
1452 2388 1590 2443 quod
1635 2389 1854 2433 roboris
1902 2391 1952 2432 in
2001 2391 2117 2433 acie
2154 2391 2383 2434 hostium
2431 2395 2569 2445 erat,
2618 2391 2784 2435 Poeni

215 2468 464 2510 veterani
497 2466 723 2520 Afrique
754 2466 975 2511 nondum
1012 2467 1072 2509 ad
1101 2467 1196 2509 teli
1231 2469 1535 2511 coniectum
1573 2472 1875 2524 venissent,
1905 2484 2078 2524 neque
2117 2473 2169 2514 in
2207 2485 2427 2524 cornua,
2474 2477 2529 2514 ut
2566 2472 2782 2515 adiuva-

214 2553 334 2591 rent
370 2552 696 2604 pugnantes,
744 2548 1028 2590 discedere
1073 2548 1355 2601 auderent,
1406 2561 1467 2590 ne
1515 2550 1794 2602 aperirent
1841 2550 2058 2593 mediam
2105 2553 2268 2593 aciem
2309 2553 2555 2594 venienti
2593 2566 2657 2594 ex
2694 2553 2780 2595 ad-

213 2641 373 2672 verso
410 2629 567 2672 hosti.

328 2710 417 2751 Hoc
435 2710 528 2752 loco
546 2709 672 2751 verba
699 2719 750 2756 ne
779 2708 989 2764 aperirent
1007 2708 1339 2751 Weissenbornio
1359 2708 1574 2751 offensioni
1595 2714 1701 2762 sunt,
1732 2710 1901 2764 primum
1932 2710 2040 2765 quod
2070 2713 2337 2766 aperirent
2365 2713 2408 2754 in
2437 2712 2576 2754 codice
2605 2712 2779 2765 optimae

214 2794 334 2832 notae
362 2789 489 2844 desit,
519 2789 675 2832 >deinde
701 2789 811 2844 quod
844 2789 970 2832 altera
998 2789 1216 2853 enuntiatio
1248 2787 1499 2830 desideretur
1527 2801 1550 2830 a
1579 2798 1709 2843 neque
1739 2791 1948 2845 incipiens.
2011 2791 2130 2841 Quod
2159 2791 2369 2848 aperirent
2397 2793 2439 2835 in
2469 2792 2626 2847 optimis
2655 2790 2778 2836 codd.

213 2868 342 2920 deest,
372 2869 500 2910 critici
519 2868 694 2922 videant,
725 2867 822 2922 quid
850 2867 1080 2910 faciundum
1110 2868 1174 2911 sit.
1223 2868 1427 2911 Sententia
1453 2879 1554 2910 vero
1581 2868 1740 2910 illorum
1770 2870 1989 2912 verborum
2006 2871 2096 2913 talis
2123 2875 2200 2925 est,
2230 2876 2276 2915 ut
2304 2872 2421 2927 plane
2443 2871 2538 2915 nihil
2564 2870 2784 2915 offendere

212 2948 423 3003 possimus.
475 2948 564 2992 Hoc
583 2949 689 2992 enim
718 2947 814 2992 dicit
840 2949 1038 3004 scriptor:
1068 2961 1190 3006 quum
1209 2960 1362 2992 cornua
1381 2948 1467 3004 jam
1497 2947 1793 3004 conilixissent,
1821 2949 1954 2993 media
1979 2951 2093 2995 ades
2117 2950 2242 2995 Poeni
2271 2951 2450 2996 veterani
2467 2949 2640 3006 Afrique
2666 2962 2777 2994 non-

214 3027 308 3075 dum
335 3027 390 3073 ad
415 3027 488 3072 teli
504 3028 735 3085 conjectum
754 3033 962 3084 venerant,
992 3041 1128 3085 neque
1146 3033 1293 3084 tamen,
1319 3040 1375 3072 ne
1391 3029 1597 3083 aperirent
1613 3028 1785 3076 mediam
1804 3031 1933 3075 aciem
1951 3032 2130 3077 venienti
2145 3045 2201 3076 ex
2217 3032 2389 3077 adverso
2415 3031 2538 3087 hosti,
2567 3030 2779 3076 discedere

213 3107 435 3161 audebam
471 3108 597 3167 igitur
624 3109 689 3165 id,
718 3109 829 3166 quod
856 3109 1023 3155 roboris
1045 3110 1093 3155 in
1116 3109 1373 3165 Hasdrubalis
1401 3109 1594 3155 exercitu-
1613 3115 1718 3165 erat,
1744 3110 1878 3157 stabat
1914 3124 2091 3170 pugnam
2119 3124 2204 3156 non
2233 3123 2462 3170 caponem.
2523 3111 2641 3162 Quod
2668 3110 2776 3155 idem

211 3189 400 3247 Polybius
426 3188 524 3240 dicit
550 3202 627 3246 eo,
654 3202 780 3250 quein
803 3190 1166 3241 W-..affu-t-looo:
1205 3187 1313 3238 οὔτε
1341 3186 1672 3249 καροβοςθιῖν
1700 3184 1940 3251 ἠδύναντο
1978 3193 2072 3243 τοῖς
2098 3190 2172 3238 ἐπὶ
2198 3189 2298 3236 «ὧν
2320 3188 2537 3250 ,κεράτων
2565 3186 2777 3242 λιπόντες

210 3267 298 3313 τόν
325 3263 432 3315 δον
456 3258 613 3325 τόκον
639 3264 721 3317 διὰ
739 3267 829 3331 τήν
855 3268 954 3315 πᾶν
979 3265 1393 3332 Ἵβᾴρυνέφοδον
1411 3271 1499 3318 ie.
1532 3271 1745 3318 discedere
1773 3273 1817 3316 in
1844 3284 1997 3318 cornua
2026 3285 2110 3317 uon
2127 3272 2340 3328 audebunt,
2368 3285 2424 3317 ne
2451 3271 2654 3330 aperirent
2681 3283 2776 3314 ue-
