3089 3733
383 412 469 454 Liv.
501 411 581 465 31,
613 410 654 452 7.
686 411 726 453 3.
789 412 897 454 Ηοο
927 417 1178 467 quantum
1206 404 1455 463 intersit,-
1482 412 1549 463 'si
1567 406 1803 465 E'n'qinm
1834 410 1992 463 alias,
2024 409 2222 451 Punico
2252 414 2402 452 certe
2430 411 2674 464 pro-ximo
2702 411 2847 454 bello

268 491 486 548 experti
515 491 653 536 estis
681 491 707 536 i.
737 504 773 537 e.
805 505 898 546 cum
932 493 1029 547 alias
1058 496 1145 541 tum
1173 504 1273 543 vero
1301 492 1489 544 maxime.
1550 490 1631 539 cio.
1651 492 1768 536 Finn.
1798 491 1863 546 111,
1895 490 1935 535 3.
1969 489 2034 535 10.
2078 487 2412 555 Βηρῃοῃίρβ,
2441 491 2488 534 si
2525 491 2847 548 cujtisstuam,

271 577 421 616 certe
461 577 605 615 tuum
645 573 781 616 nihil
815 565 1049 628 praeter
1076 575 1330 616 vir-tutem
1369 573 1421 614 in
1457 572 1614 635 bonis
1649 572 1849 614 ducere
1888 572 1914 613 i.
1946 584 1982 613 e.
2026 582 2117 617 cum
2152 569 2323 619 aliorum
2353 570 2437 634 sit,
2469 573 2554 621 tum
2582 570 2650 626 vel
2675 573 2849 622 maxime

270 658 381 695 tuum
413 657 490 696 est.
553 654 635 696 Cic.
667 654 749 698 Mil.
779 654 833 710 4,
872 655 911 698 ⁷.
975 655 1028 699 Si
1066 643 1272 709 tempus
1309 658 1391 696 est
1427 652 1589 699 ullum
1627 653 1748 706 jure
1787 651 2017 695 hominis
2056 649 2308 705 necandi,
2347 662 2480 709 quae
2517 650 2687 716 multa
2694 658 2848 715 sunt,

270 736 422 776 certe
460 733 595 775 illud
632 737 716 776 est
754 746 857 778 non
895 734 1045 779 modo
1076 735 1282 794 justum
1314 734 1340 775 i.
1372 745 1409 775 e.
1441 745 1531 775 cum
1572 733 1647 774 alia
1675 732 1800 777 multa
1833 737 2015 792 tempora
2044 735 2137 775 sunt
2164 753 2221 762 ·-
2250 734 2337 774 tum
2364 743 2538 793 mmm
2560 731 2729 797 Justum
2744 737 2818 796 est.

387 814 514 866 Quam
545 814 597 856 ob
628 827 793 858 causam
822 817 1021 859 sententia
1051 815 1170 872 huJus
1200 815 1302 869 loci,
1334 816 1368 862 si
1397 814 1485 861 ulla
1512 813 1685 869 legeriS,
1716 823 1799 856 non
1830 814 1908 858 erit
1937 812 2016 855 nisi
2043 812 2161 857 haec.
2192 822 2285 857 cum
2314 810 2449 864 multis
2479 810 2566 862 aliis
2594 793 2737 866 rebus,
2764 806 2849 871 tum

270 905 373 936 vero
403 894 598 938 modestia
629 899 674 937 et
700 895 964 952 temperando
994 896 1157 954 linguae
1187 907 1328 941 senem
1358 895 1407 937 ah
1438 893 1696 938 adolescente
1732 893 1884 941 victum
1922 904 2015 944 esse
2046 891 2297 955 judicabitis
2334 874 2462 942 onae
2498 892 2719 947 sententia,
2758 891 2849 948 quis

271 985 357 1019 non
387 974 515 1028 videt,
545 986 666 1029 quam
699 986 782 1018 non
811 976 864 1018 sit
892 976 1014 1031 apta?
1072 975 1176 1018 Dum
1210 976 1317 1021 enim
1346 975 1568 1019 modestiae
1598 972 1757 1016 laudem
1786 973 1864 1016 sibi
1892 974 2053 1029 tribuit,
2082 974 2217 1030 inepte
2246 972 2454 1031 gloriatur.
2513 972 2615 1029 Jam·
2630 985 2752 1028 vero,
2781 972 2850 1028 qui

272 1053 368 1095 dIcit
398 1055 441 1096 si
468 1054 586 1100 nullo.
616 1055 719 1098 alia
760 1069 816 1098 re
853 1056 1122 1099 modestia
1155 1060 1306 1099 certe
1347 1060 1397 1098 et
1435 1054 1783 1110 temperando
1821 1054 2041 1114 linguae
2079 1054 2401 1098 adolescens
2436 1066 2615 1107 senem
2649 1055 2849 1115 vicero,

273 1135 460 1177 concedit
489 1135 556 1178 ille
585 1136 674 1179 fieri
703 1149 839 1192 posse,
870 1143 916 1181 ut
945 1137 1054 1181 nulla
1086 1137 1161 1180 alia
1191 1150 1238 1180 re
1268 1137 1436 1180 alterum
1467 1137 1623 1190 vicerit,
1652 1134 1726 1178 sed
1755 1135 1809 1177 ita
1840 1135 2067 1198 concedit,¹
2090 1138 2136 1179 ut
2165 1146 2269 1190 quae
2298 1134 2349 1176 sit
2377 1146 2476 1176 vera
2503 1134 2630 1179 animi>
2651 1135 2850 1183 sententia

271 1227 356 1258 non
385 1215 519 1258 lateat.
580 1217 692 1267 Quae
722 1219 758 1261 si
787 1231 887 1261 vera
916 1223 1032 1273 sunt,
1066 1218 1237 1261 dubitari
1267 1218 1361 1260 mihi
1391 1218 1550 1261 videtur
1579 1229 1662 1259 non
1693 1227 1833 1270 posse,
1866 1216 1964 1271 quin
1993 1216 2109 1263 nulla
2136 1215 2354 1272 legendum
2382 1216 2446 1258 sit.

1377 1352 1530 1417 XXIX,
1566 1352 1637 1408 18.
1673 1352 1745 1408 18.

389 1453 618 1496 Nostras
647 1456 880 1498 iniurias
909 1469 1006 1498 nec
1035 1459 1216 1510 potest
1246 1468 1341 1497 nec
1371 1457 1546 1510 possit
1576 1456 1713 1499 alius
1744 1455 1946 1498 ulcisci
1978 1467 2127 1509 quam
2155 1466 2272 1507 vos,
2311 1459 2494 1509 patres
2532 1455 2848 1511 conscripti.

389 1534 516 1585 Quam
546 1537 625 1578 vim
655 1536 776 1580 habet
802 1537 940 1592 possit
967 1541 1060 1592 post
1090 1534 1262 1591 potest?
1320 1536 1388 1580 W.
1421 1537 1582 1593 quidem
1612 1537 1787 1593 explicat
1816 1537 1894 1583 sic:
1939 1548 2012 1589 „es
2051 1535 2159 1581 kann
2185 1535 2365 1578 wirklich
2397 1535 2540 1578 keiner
2568 1536 2650 1585 und
2679 1549 2725 1579 es
2753 1536 2851 1579 lasst

273 1615 359 1658 sich
385 1615 529 1659 keiner
559 1617 733 1673 denken,
764 1618 838 1662 der
867 1618 1044 1670 konnte5
1083 1618 1183 1661 oder
1213 1631 1258 1662 es
1287 1619 1448 1662 mochte
1478 1632 1523 1662 es
1552 1618 1696 1662 keiner
1725 1619 1905 1671 konnen,
1935 1631 2058 1662 wenn
2087 1631 2134 1664 er
2165 1618 2298 1662 wollte
2318 1619 2372 1670 (si
2401 1616 2545 1675 velit)“
2578 1617 2730 1663 addens
2759 1631 2848 1681 eam

272 1698 478 1742 indicativi
517 1705 560 1742 et
597 1701 826 1755 potentialis
868 1702 1195 1757 conjunctionem
1228 1704 1425 1744 rariorem
1461 1714 1566 1744 esse.
1633 1702 1719 1744 lmo
1758 1713 1928 1754 vereor,
1966 1713 2019 1750 ne
2055 1712 2250 1757 nusquam
2278 1701 2503 1763 inveniatur
2531 1700 2621 1742 talis
2648 1699 2850 1743 indicativi

274 1783 316 1821 et
345 1781 573 1833 potentialis
604 1783 850 1836 conjunctio,
881 1783 1009 1835 qualis
1038 1783 1117 1825 hoc
1141 1783 1235 1825 loco
1268 1783 1332 1824 W.
1357 1783 1516 1825 videtur
1535 1795 1642 1826 esse.
1690 1782 1884 1837 Exempla
1914 1782 2036 1836 enim,
2067 1794 2171 1836 quae
2197 1782 2292 1824 satis
2320 1782 2442 1824 multa
2471 1783 2559 1838 ejtts
2589 1781 2708 1834 affert
2735 1792 2848 1835 usus,

272 1858 355 1903 Cic.
382 1859 470 1903 Inv.
501 1860 541 1913 1,
573 1860 643 1903 51.
677 1861 747 1903 96.
809 1861 880 1904 Or.
911 1863 962 1915 2,
993 1862 1063 1905 83.
1095 1861 1194 1905 339.
1256 1862 1307 1916 3,
1336 1862 1405 1905 43.
1441 1862 1539 1906 170.
1597 1863 1747 1911 Famm.
1781 1862 1858 1915 13,
1887 1861 1957 1906 29.
1995 1861 2033 1903 1.
2094 1861 2236 1904 Senec.
2269 1861 2388 1903 Cons.
2422 1861 2473 1904 ad
2501 1861 2585 1903 Pol.
2623 1862 2649 1903 5
2672 1841 2775 1914 (21)
2806 1861 2846 1903 2.

275 1937 534 1981 dissimillima
573 1944 686 1993 sunt,
737 1942 885 1995 quippe
925 1942 968 1982 in
1004 1942 1149 1995 quibus
1188 1954 1271 1983 non
1310 1942 1488 1998 eJusdem
1528 1943 1644 1986 verbi
1682 1943 1919 1985 indicativus
1961 1947 2003 1986 et
2044 1943 2322 1998 conjunctivus
2359 1954 2406 1988 se
2445 1946 2678 2002 sequantur.
2745 1942 2848 1992 Quid

273 2018 433 2072 igitur?
493 2019 784 2073 conjunctivus
818 2025 912 2074 post
940 2021 1197 2062 indicativum
1228 2034 1310 2062 non
1339 2022 1454 2063 aliam
1483 2023 1562 2064 vim
1592 2023 1713 2064 habet
1742 2035 1859 2076 quam
1890 2021 1971 2074 34,
2006 2022 2046 2064 3.
2080 2021 2120 2064 7.
2180 2022 2370 2063 Procul
2409 2023 2560 2064 abest
2599 2022 2848 2075 absitque

275 2108 486 2151 semper
515 2098 643 2140 talis
673 2098 890 2141 fortuna
921 2100 1284 2154 reipublicae,
1315 2113 1436 2154 quem
1466 2101 1598 2143 locum
1629 2101 1697 2144 W.
1727 2101 1846 2144 affert
1875 2113 2032 2157 negans
2064 2101 2243 2157 ejusdem
2274 2102 2437 2156 generis
2464 2101 2574 2143 illum
2605 2114 2698 2143 esse
2727 2105 2848 2155 alque

273 2176 393 2219 hunc.
445 2177 597 2221 Sensus
627 2180 733 2222 enim
754 2180 871 2234 hujus
900 2180 981 2223 loci
1013 2186 1094 2224 est:
1128 2194 1205 2224 nec
1227 2185 1363 2236 potest
1392 2181 1491 2224 alius
1512 2194 1590 2224 nec
1621 2187 1804 2238 optamus
1832 2187 1877 2225 ut
1908 2182 2008 2225 alius
2030 2182 2168 2237 possit.
2221 2181 2500 2224 Crudelissima
2530 2185 2571 2224 et
2600 2182 2849 2224 atrocissima

274 2271 463 2313 quaeque
495 2273 517 2302 a
548 2260 730 2304 Romano
760 2262 1006 2316 imperatore
1035 2264 1243 2318 perpessi,
1282 2263 1333 2305 ob
1365 2276 1469 2317 quae
1495 2263 1592 2318 Jure
1621 2263 1811 2305 Romanis
1841 2266 2157 2316 succenserent,
2196 2267 2328 2304 tamen
2355 2266 2508 2319 negant
2536 2252 2849 2305 misericordiam

275 2352 416 2383 eorum
446 2341 707 2397 implorantes
738 2344 973 2400 cujusquam
1002 2345 1214 2400 imperium
1243 2358 1419 2399 unquam
1448 2344 1722 2387 Romanorum
1751 2345 1922 2399 imperio
1951 2348 2272 2399 praeoptaturos.

1383 2480 1536 2545 XXIX,
1572 2480 1642 2536 31.
1676 2481 1722 2536 5.

389 2580 645 2624 Instando
684 2584 1120 2639 stimulandoque
1160 2585 1456 2639 pervincit,
1488 2589 1541 2627 ut
1570 2585 1872 2627 exercitum
1903 2581 2134 2625 adfines
2165 2582 2542 2625 Maesuliorum
2572 2581 2848 2623 admoveat

272 2666 437 2716 atque
490 2663 542 2703 in
584 2676 735 2718 agro,
789 2665 849 2707 de
898 2677 999 2719 quo
1049 2677 1211 2719 saepe
1259 2678 1368 2707 cum
1418 2664 1542 2708 Gala
1581 2678 1683 2708 non
1732 2664 1917 2707 verbis
1956 2663 2105 2705 modo
2155 2663 2510 2718 disceptatum
2548 2661 2640 2704 sed
2690 2662 2846 2703 etiam

271 2744 430 2786 armis
479 2748 741 2787 certatum
783 2745 986 2801 fuerat,
1026 2751 1272 2801 tanquam
1312 2745 1445 2788 haud
1484 2745 1631 2788 dubii
1671 2745 1809 2787 iuris
1849 2744 1954 2796 sui,
1995 2747 2172 2785 castra
2209 2743 2376 2786 locet:
2418 2743 2462 2785 si
2502 2742 2621 2797 quis
2649 2745 2845 2794 arceat,

270 2824 326 2868 ut
358 2824 496 2879 quod
526 2825 747 2867 maxime
778 2837 908 2882 opus
939 2827 1030 2881 sit,
1073 2827 1189 2869 acie
1230 2826 1628 2877 dimicaturum;
1659 2826 1744 2867 sin
1773 2837 1867 2879 per
1895 2808 2086 2866 metum
2117 2836 2247 2881 agro
2278 2824 2522 2877 cedatur,
2553 2823 2608 2864 in·
2630 2821 2846 2865 medium
2883 2841 2885 2843 ·

270 2915 489 2959 regnum
530 2903 772 2946 eundum.

386 2985 464 3027 Alii
495 2990 536 3027 et
565 2986 642 3041 ipsi
673 2985 791 3027 codd.
823 2988 1060 3030 auctoritate
1092 2988 1169 3030 nisi
1196 2987 1339 3043 legunt
1366 2985 1409 3032 ld
1450 2985 1588 3041 quod
1628 2984 1852 3027 maxime
1891 2995 2022 3038 opus
2060 2984 2154 3038 sit,
2191 2982 2421 3028 relerentes
2449 2983 2529 3037 illi,
2568 2986 2613 3025 ut
2641 2980 2736 3024 dicit
2764 2980 2845 3033 W„

270 3064 642 3108 dimicaturum
681 3077 766 3108 non
807 3065 857 3108 ad
896 3066 1120 3121 Syphacem
1151 3066 1225 3109 sed
1265 3066 1316 3109 ad
1345 3064 1619 3119 Masinissam,
1651 3067 1794 3106 contra
1821 3074 1926 3118 quos
1954 3068 2067 3106 recte
2096 3063 2163 3106 ille
2191 3062 2351 3118 monet,
2390 3069 2513 3118 ‘quum
2543 3061 2766 3105 eundum
2795 3058 2847 3102 ad

270 3144 497 3213 Syphacem
526 3144 788 3188 referendum
817 3146 893 3200 sit,
924 3146 1050 3188 videri
1080 3146 1129 3189 ad
1161 3146 1334 3189 eundem
1363 3146 1570 3203 pertinere
1603 3142 1902 3189 dimicetur-m.
1963 3144 2048 3195 Qua
2086 3145 2130 3187 in
2167 3157 2214 3188 re
2242 3149 2289 3188 ut
2328 3145 2368 3187 ei
2408 3143 2629 3197 assentior,
2667 3142 2724 3184 ita
2761 3150 2847 3181 uon

269 3236 435 3280 possum
465 3234 558 3268 cum
587 3238 637 3268 eo
668 3209 806 3270 facere
835 3226 883 3271 ut
913 3238 1013 3281 quo
1026 3226 1051 3268 d
1080 3226 1350 3282 praeferenti,
1369 3227 1477 3282 quod
1507 3227 1556 3271 ab
1586 3227 1667 3269 hoc
1694 3223 1790 3269 loco
1819 3224 1997 3269 alienum
2019 3211 2179 3270 videtur
2210 3239 2317 3269 esse.
2376 3226 2535 3269 Etenim
2574 3223 2644 3279 qui
2681 3234 2707 3264 a
2736 3219 2846 3262 Gro-

269 3306 392 3347 novio
431 3305 657 3349 afferuntur
693 3308 795 3363 loci,
847 3307 994 3363 quibus
1030 3306 1076 3351 ut
1115 3308 1203 3362 qui
1244 3308 1469 3363 invenitur,
1516 3308 1544 3351 ii
1585 3305 1776 3350 videntur
1813 3306 1915 3350 alius
1951 3308 2114 3364 generis
2152 3319 2264 3352 esse:
2305 3320 2342 3351 c.
2371 3306 2454 3360 33,
2493 3305 2533 3348 2.
2601 3299 2845 3345 Interdiu
