3089 3733
250 394 424 440 uendi
456 392 609 437 merim
636 391 971 438 adolescentum.
1029 389 1128 439 Inde
1164 391 1314 450 colligo
1350 390 1515 438 Livium
1539 400 1624 437 non
1663 392 1796 437 miuus
1824 401 1941 447 quam
1970 388 2155 448 mum.
2173 384 2217 436 et
2243 384 2344 436 nur.
2376 385 2625 477 'significare'
2646 396 2688 437 et
2723 392 2811 437 vtr-

251 472 957 533 gmetpuerosrorseaaepro
986 471 1469 517 obsidibusessedms.

1405 607 1469 673 ΙΙ,
1502 608 1581 664 24.
1613 607 1662 662 5.

363 713 473 757 Nee
508 719 690 768 posse,
730 719 884 766 quum
920 708 1108 755 nostes
1146 721 1313 769 prope
1351 712 1411 757 td
1449 713 1634 766 portas
1673 708 1881 763 essent,
1921 692 2065 754 betto
2103 702 2478 765 praevertisse
2516 709 2811 774 quidquam.

362 792 422 837 Ε·
449 791 572 835 verba
600 801 738 846 «mum>
754 792 954 845 corrupte
973 799 1071 833 esse
1095 795 1348 848 compareat,
1378 788 1608 846 turingius*
1630 793 1772 832 censet
1803 786 1939 833 deleta·
1964 789 2229 844 vocem&
2246 785 2468 845 tegendum
2491 788 2701 843 consules,
2742 774 2809 833 W.

247 882 326 929 pro
353 880 478 928 posse
506 869 784 926 reponendum
810 869 928 925 ipsos
956 869 983 912 i.
1014 882 1053 913 e.
1084 865 1287 916 consules.
1346 870 1469 924 Quid,
1509 870 1544 912 si
1581 868 1720 912 vitium
1755 868 1853 912 met
1892 875 1976 911 non
2004 868 2046 912 in
2074 873 2178 913 voce
2205 870 2337 925 posse
2354 866 2442 911 >sed
2473 869 2515 911 in
2553 868 2663 916 voc&
2693 880 2810 926 prae-

247 949 443 1002 vertisse,
471 950 583 1004 quod
615 949 731 992 tacite
758 952 977 1003 potuerunt
1004 947 1148 992 adduci
1175 949 1348 1004 librarii,
1387 954 1431 992 ut
1468 952 1668 991 mutarent
1706 947 1756 990 ad
1793 948 1919 990 instar
1956 952 2186 992 ceterorum
2212 944 2502 990 intiniti'vu'rum·
2533 946 2704 1003 perfecti
2741 950 2811 1004 qui

248 1030 507 1087 sequuntur?
564 1029 635 1073 Illa
662 1041 766 1073 voce
794 1028 834 1071 in
863 1025 1070 1083 praeverti
1099 1034 1248 1073 mutata
1278 1031 1410 1073 omnia
1439 1027 1626 1071 videntur
1655 1031 1769 1070 recte
1798 1036 1854 1071 se⁴
1872 1026 2054 1070 habitura
2083 1035 2189 1072 esse.

1399 1163 1466 1228 11,
1497 1162 1573 1219 4⁰.
1610 1163 1658 1218 8.

362 1268 462 1314 Sed
490 1279 590 1325 ego
620 1267 876 1323 nibiljam
910 1268 1021 1323 pati
1059 1280 1154 1310 nec
1188 1267 1286 1310 tibi
1323 1268 1535 1322 turpius
1572 1274 1720 1322 qun·
1757 1266 1881 1309 mihi
1920 1266 2172 1310 miserius
2207 1272 2440 1322 possum,
2477 1279 2574 1309 nec
2613 1268 2671 1309 uf
2705 1273 2812 1313 811

247 1351 567 1403 miserrima,
605 1349 692 1392 diu
727 1348 909 1392 futura
947 1361 1068 1391 sum.

361 1433 407 1474 In
435 1432 496 1474 his
526 1431 660 1473 verbis
688 1430 998 1484 interpretandis
1028 1430 1094 1471 W.
1125 1434 1237 1472 recte
1266 1433 1411 1485 negat,
1442 1429 1672 1485 particulam
1705 1438 1781 1473 nec
1809 1433 1901 1483 post
1929 1428 2029 1474 aihu
2060 1431 2228 1484 positam
2256 1429 2369 1471 aliam
2400 1431 2478 1471 vim
2507 1429 2656 1472 babere
2685 1442 2809 1485 posse

247 1527 366 1569 quam
394 1511 683 1568 disjunctivam.
743 1508 1019 1553 Alschefskius
1049 1511 1156 1553 enim
1189 1511 1299 1564 prius
1326 1518 1403 1553 nec
1440 1522 1531 1551 cum
1571 1506 1670 1553 alm
1708 1509 2034 1564 conjungendum
2074 1522 2166 1551 esse
2205 1513 2438 1563 censuerat,
2479 1510 2809 1563 quemadmodum

245 1592 349 1639 nint
372 1602 454 1637 ιοι
483 1590 605 1634 scribi
634 1589 797 1632 soteret.
849 1588 981 1632 Minus
1010 1589 1104 1631 mihi
1133 1590 1296 1644 quidem
1326 1589 1518 1645 probatur
1547 1590 1673 1642 ratio,
1704 1601 1783 1642 qua
1814 1587 1988 1631 obscuro
2017 1589 2110 1631 loco
2139 1586 2268 1631 lucem
2298 1588 2446 1631 afferre
2479 1593 2659 1633 conatur.
2710 1591 2811 1644 „Die

244 1672 583 1731 ungewohnliche
613 1670 897 1714 construction
930 1670 1086 1714 scheint
1122 1670 1298 1714 dadurcli
1337 1671 1580 1723 veranlasst,
1620 1669 1713 1711 dass
1742 1668 1877 1711 Livius
1915 1670 1982 1712 ein
2021 1671 2188 1713 zweites
2217 1664 2330 1711 Glied
2367 1671 2438 1712 mit
2477 1682 2593 1724 nec,
2633 1669 2810 1714 welches

244 1754 335 1797 sicli
360 1754 403 1795 in
433 1753 549 1794 einer
576 1749 833 1794 Handscbrist
860 1749 1006 1804 findet,
1044 1749 1183 1806 fulgen
1211 1750 1344 1793 lassen
1374 1750 1528 1804 wollte,
1568 1756 1663 1793 statt
1692 1751 1838 1793 dessen
1867 1752 1988 1804 aber,
2029 1762 2096 1794 um
2133 1751 2258 1793 durch
2287 1751 2379 1793 eine
2410 1751 2712 1809 Vergleichung
2740 1751 2810 1794 das

244 1831 500 1877 schandliche
531 1829 754 1874 Vei-fabren
793 1829 866 1872 des
905 1828 1064 1873 Sohnes
1102 1830 1261 1873 starker
1294 1843 1344 1872 zu
1382 1831 1652 1885 bezeichnen,
1687 1844 1833 1886 quam
1872 1833 1942 1874 mit
1981 1831 2072 1875 dem
2100 1831 2352 1886 Comparativ
2387 1831 2637 1887 binzutugt.“
2699 1832 2809 1881 Quae

243 1912 543 1969 interpretatio,
583 1911 737 1954 etiamsi
765 1911 901 1953 minus·
926 1910 1122 1952 arcessita·
1149 1913 1279 1964 esset,
1321 1915 1452 1953 tamen
1491 1911 1595 1954 mihi·
1626 1922 1708 1954 non
1746 1913 1947 1967 placeret,
1990 1913 2098 1967 quod
2139 1924 2242 1967 quae
2280 1912 2373 1954 inde
2407 1913 2584 1954 nascitur
2613 1913 2810 1955 sententia

245 1994 294 2037 ab
323 1994 402 2036 hoc
430 1994 522 2035 loco
550 1992 644 2034 mihi
673 1991 833 2033 videtur
860 1990 989 2032 aliena
1018 2002 1125 2033 esse.
1185 1990 1289 2041 Quid
1319 1991 1457 2033 enim?
1513 1990 1622 2049 Ego,
1653 1994 1781 2047 inquit
1810 1993 1996 2047 Veturia,
2034 1988 2131 2035 nibil
2154 1993 2237 2048 jam
2266 2002 2430 2048 possum
2459 1993 2559 2047 pati,
2591 1988 2709 2047 quod*
2728 1999 2810 2035 non

242 2075 315 2118 tibi
344 2074 497 2128 turpius
527 2074 595 2125 sit,
629 2083 746 2126 quam
774 2071 869 2114 mihi
898 2071 1096 2114 miserius.
1157 2071 1233 2125 At,
1279 2071 1391 2126 quod
1418 2072 1532 2115 liberi
1573 2077 1614 2115 et
1644 2075 1814 2129 conjux,
1851 2075 1885 2116 si
1923 2073 2160 2116 Coriolanus
2197 2071 2343 2116 Urbem
2374 2084 2610 2129 oppugnare
2651 2075 2807 2130 perget,

242 2157 400 2212 passuri
428 2159 539 2207 sunt,
577 2154 706 2195 minus
735 2154 836 2208 patri
869 2157 986 2207 turpe
1015 2153 1114 2206 erit,
1155 2164 1273 2207 quam
1302 2152 1379 2195 illis
1407 2154 1628 2196 miserum?
1685 2154 1822 2196 ld‘me
1851 2153 2032 2206 adducit,
2068 2157 2112 2195 ut
2150 2164 2285 2195 veram
2327 2165 2421 2195 esse
2451 2154 2630 2209 judicem
2671 2152 2803 2196 Gaert.

243 2235 334 2278 cod.
365 2236 599 2286 lectionem,
630 2245 749 2287 quam
778 2232 985 2274 Bekkerus
1015 2238 1056 2274 et
1084 2233 1355 2290 ingerslevius
1387 2234 1559 2289 amplexi
1589 2238 1700 2276 sunt:
1741 2233 1848 2291 Ego
1889 2233 2023 2276 nihil
2055 2234 2158 2289 jam
2189 2234 2296 2289 pati
2335 2245 2431 2276 nec
2468 2233 2564 2276 tibi
2595 2232 2808 2288 turpius

240 2325 335 2361 lec
369 2316 493 2358 mihi
530 2314 782 2356 miserius
815 2324 1044 2367 possum:
1083 2313 1197 2355 liberi
1226 2314 1380 2357 scilicet
1409 2319 1451 2356 et
1479 2326 1585 2356 uxor
1613 2315 1693 2369 pati
1723 2318 1890 2370 possunt
1919 2314 1989 2356 tibi
2021 2314 2196 2369 turpius,
2226 2314 2299 2356 sibi
2329 2313 2525 2356 miserius

354 2396 478 2437 Unius
507 2394 658 2437 codicis
688 2394 926 2435 auctoritate
947 2393 1055 2435 ducti
1073 2392 1347 2436 Alschefskius
1377 2399 1418 2436 et
1447 2400 1537 2449 post
1557 2408 1648 2437 eum
1668 2395 1734 2437 W.
1756 2406 1831 2451 pro
1850 2401 1901 2438 ut
1925 2394 2001 2439 sim
2029 2396 2277 2449 scripserunt
2306 2400 2355 2437 ut
2385 2403 2482 2440 sun.
2529 2392 2659 2438 Minus
2678 2397 2804 2444 recte,

239 2476 318 2519 nisi
345 2476 480 2529 fallor,
510 2487 632 2530 quum
659 2474 853 2529 particula
882 2473 929 2518 ut
958 2486 1006 2515 ea
1035 2485 1152 2527 quam
1182 2475 1260 2516 hoc
1289 2475 1382 2516 loco
1413 2474 1564 2517 obtinet
1599 2477 1639 2517 vi
1669 2487 1760 2517 cum
1790 2470 2048 2531 conjunctivo
2078 2474 2205 2517 soleat
2236 2475 2440 2531 conjungi.
2497 2472 2547 2518 Si
2577 2476 2667 2529 quis
2698 2475 2802 2516 enim

238 2556 292 2598 de
318 2567 366 2598 se
395 2556 512 2598 dixit:
543 2567 624 2612 ego
651 2554 747 2596 nihil
769 2555 854 2609 jam
882 2554 1070 2596 miserius
1099 2555 1179 2608 pati
1207 2566 1391 2610 possum,
1431 2557 1487 2610 is,
1519 2557 1698 2610 quamvis
1728 2558 1850 2600 miser
1881 2558 1952 2609 sit,
1993 2561 2125 2599 tamen
2156 2556 2447 2610 quodammodo
2478 2559 2618 2612 negat,
2657 2555 2805 2598 miser-

225 2621 380 2680 rimum
409 2648 466 2679 se·
486 2647 579 2678 esse
608 2640 877 2689 comparatum
907 2635 1063 2678 scilicet
1091 2635 1151 2687 iis,
1182 2637 1250 2688 qui
1270 2637 1387 2678 etiam
1416 2637 1602 2678 miserius
1633 2636 1778 2690 aliquid
1805 2637 1885 2691 pati
1913 2636 2080 2691 possint.
2139 2635 2266 2692 Igitur
2286 2648 2461 2692 pergens
2484 2634 2618 2677 dlcere
2646 2639 2800 2690 potest:

236 2721 282 2760 ut
311 2719 338 2760 i.
371 2730 410 2760 e.
439 2714 536 2759 licet
564 2715 809 2757 miserrimus
837 2714 923 2759 sin.

1394 2850 1474 2915 W,
1510 2851 1555 2907 3.
1591 2851 1637 2908 7.

349 2952 706 2997 Perinde-hoc
734 2952 897 3006 valet,
930 2952 1205 3008 „plebeius
1242 2964 1307 2999 ne
1333 2955 1523 2997 consul
1552 2955 1693 3008 fiat“‚
1724 2960 1967 3010 tanquam
1998 2966 2206 2998 servum
2236 2961 2322 2998 aut
2352 2956 2664 2997 libertinum
2705 2956 2800 2998 ali-

233 3034 358 3092 quis
386 3034 661 3078 consulem
686 3032 927 3077 futurum·
950 3035 1130 3078 dieat?

347 3111 407 3156 Ita
434 3111 501 3155 Wss
533 3114 695 3169 scripsit
720 3112 756 3156 ,1.
782 3112 827 3156 Ιξ
856 3112 1065 3156 Gronovio
1092 3118 1261 3157 auctore
1289 3114 1505 3169 locumque
1537 3115 1592 3157 ita
1623 3115 1913 3169 interpretatus
1936 3120 2018 3157 est:
2059 3112 2160 3169 „Die
2188 3114 2378 3156 Patricier
2407 3114 2550 3157 stetten
2578 3115 2665 3158 ihre
2695 3115 2802 3157 For-

235 3194 415 3251 derung,
435 3205 495 3237 es
512 3183 589 3236 soll
615 3195 709 3237 hein
738 3193 920 3250 Pteb'ejer
941 3193 1095 3237 &omui
1119 3196 1297 3250 werden,
1331 3196 1407 3238 mit
1421 3194 1584 3238 solcber
1608 3193 1861 3252 Indignation
1889 3195 1969 3250 auf,
2001 3194 2063 3238 als
2090 3194 2143 3238 ob
2162 3194 2333 3238 Jema'nd
2361 3194 2582 3252 verlangte,
2612 3201 2652 3237 u.
2673 3206 2706 3236 s.
2729 3205 2796 3246 νη,

233 3272 273 3318 d.
295 3274 336 3318 b.
365 3276 425 3317 sie
451 3272 601 3319 suen
624 3262 996 3320 auratoseweise
1023 3274 1088 3318 die
1105 3273 1295 3330 Plebejer'
1317 3264 1403 3318 den
1418 3273 1590 3319 Solam
1616 3263 1764 3330 ¹gie-icti,
1794 3275 1939 3318 daber:
1969 3272 2192 3331 inquant‘o
2221 3276 2328 3317 cont.
2360 3275 2467 3317 etc.“
2519 3270 2605 3316 Sed'
2629 3273 2799 3328 primum
