<?xml version="1.0" encoding="UTF-8"?>
<!DOCTYPE html PUBLIC "-//W3C//DTD XHTML 1.0 Transitional//EN"
    "http://www.w3.org/TR/xhtml1/DTD/xhtml1-transitional.dtd">
<html xmlns="http://www.w3.org/1999/xhtml" xml:lang="en" lang="en">
 <head>
  <title>
</title>
<meta http-equiv="Content-Type" content="text/html;charset=utf-8" />
  <meta name='ocr-system' content='tesseract 3.04.00' />
  <meta name='ocr-capabilities' content='ocr_page ocr_carea ocr_par ocr_line ocrx_word'/>
</head>
<body>
  <div class='ocr_page' id='page_1' title='image "4766865_0010.png"; bbox 0 0 3089 3733; ppageno 0'>
   <div class='ocr_carea' id='block_1_1' title="bbox 1517 235 1550 290">
    <p class='ocr_par' dir='ltr' id='par_1_1' title="bbox 1517 235 1550 290">
     <span class='ocr_line' id='line_1_1' title="bbox 1517 235 1550 290; baseline 0 0"><span class='ocrx_word' id='word_1_1' title='bbox 1517 235 1550 290; x_wconf 75' lang='lat'>4</span> 
     </span>
    </p>
   </div>
   <div class='ocr_carea' id='block_1_2' title="bbox 1414 308 1643 314">
    <p class='ocr_par' dir='ltr' id='par_1_2' title="bbox 1414 308 1643 314">
     <span class='ocr_line' id='line_1_2' title="bbox 1414 308 1643 314; baseline 0 0"><span class='ocrx_word' id='word_1_2' title='bbox 1414 308 1643 314; x_wconf 95' lang='lat' dir='ltr'><strong> </strong></span> 
     </span>
    </p>
   </div>
   <div class='ocr_carea' id='block_1_3' title="bbox 240 380 2821 1959">
    <p class='ocr_par' dir='ltr' id='par_1_3' title="bbox 240 380 2815 842">
     <span class='ocr_line' id='line_1_3' title="bbox 240 380 2813 447; baseline 0.002 -21"><span class='ocrx_word' id='word_1_3' title='bbox 240 381 417 441; x_wconf 76' lang='grc' dir='ltr'><strong><em>ἐνορᾶν</em></strong></span> <span class='ocrx_word' id='word_1_4' title='bbox 445 382 788 437; x_wconf 73' lang='grc' dir='ltr'><strong><em>κολαζομένοις</em></strong></span> <span class='ocrx_word' id='word_1_5' title='bbox 807 387 900 435; x_wconf 81' lang='grc' dir='ltr'><strong><em>τοῖς</em></strong></span> <span class='ocrx_word' id='word_1_6' title='bbox 929 385 1104 436; x_wconf 79' lang='grc' dir='ltr'><strong><em>παισὶν,</em></strong></span> <span class='ocrx_word' id='word_1_7' title='bbox 1134 384 1276 443; x_wconf 81' lang='grc' dir='ltr'><strong><em>α”χρις</em></strong></span> <span class='ocrx_word' id='word_1_8' title='bbox 1306 384 1363 430; x_wconf 86' lang='grc' dir='ltr'><strong>οὖ</strong></span> <span class='ocrx_word' id='word_1_9' title='bbox 1397 388 1761 436; x_wconf 73' lang='grc' dir='ltr'><strong><em>κατακτείναντες</em></strong></span> <span class='ocrx_word' id='word_1_10' title='bbox 1789 386 1958 435; x_wconf 71' lang='grc' dir='ltr'><strong><em>αὐτούς</em></strong></span> <span class='ocrx_word' id='word_1_11' title='bbox 1988 385 2059 429; x_wconf 80' lang='grc' dir='ltr'><strong>ἐπὶ</strong></span> <span class='ocrx_word' id='word_1_12' title='bbox 2078 380 2316 444; x_wconf 76' lang='grc' dir='ltr'><strong><em>τοῦδαφος</em></strong></span> <span class='ocrx_word' id='word_1_13' title='bbox 2333 384 2542 431; x_wconf 75' lang='grc' dir='ltr'><strong>πελέκεσι</strong></span> <span class='ocrx_word' id='word_1_14' title='bbox 2570 387 2652 437; x_wconf 73' lang='grc' dir='ltr'><strong>τάς</strong></span> <span class='ocrx_word' id='word_1_15' title='bbox 2678 402 2813 447; x_wconf 80' lang='grc' dir='ltr'><strong><em>κεφα·</em></strong></span> 
     </span>
     <span class='ocr_line' id='line_1_4' title="bbox 240 462 2814 524; baseline 0.002 -18"><span class='ocrx_word' id='word_1_16' title='bbox 240 462 330 512; x_wconf 77' lang='grc' dir='ltr'><strong>λᾶς</strong></span> <span class='ocrx_word' id='word_1_17' title='bbox 358 463 626 520; x_wconf 72' lang='grc' dir='ltr'><strong><em>ἀπέκοψαν.</em></strong></span> <span class='ocrx_word' id='word_1_18' title='bbox 688 466 868 515; x_wconf 85' lang='lat' dir='ltr'><strong>Quorum</strong></span> <span class='ocrx_word' id='word_1_19' title='bbox 902 465 953 509; x_wconf 91' lang='lat' dir='ltr'><strong>de</strong></span> <span class='ocrx_word' id='word_1_20' title='bbox 990 467 1228 510; x_wconf 88' lang='lat' dir='ltr'><strong>auctoritate</strong></span> <span class='ocrx_word' id='word_1_21' title='bbox 1264 468 1360 509; x_wconf 87' lang='lat' dir='ltr'><strong>nihil</strong></span> <span class='ocrx_word' id='word_1_22' title='bbox 1394 467 1592 524; x_wconf 87' lang='lat' dir='ltr'><strong>derogant</strong></span> <span class='ocrx_word' id='word_1_23' title='bbox 1631 468 1771 524; x_wconf 82' lang='lat' dir='ltr'><strong>virgil.</strong></span> <span class='ocrx_word' id='word_1_24' title='bbox 1803 468 1928 510; x_wconf 87' lang='lat' dir='ltr'><strong>verba</strong></span> <span class='ocrx_word' id='word_1_25' title='bbox 1956 465 2059 509; x_wconf 82' lang='lat' dir='ltr'><strong>Aen.</strong></span> <span class='ocrx_word' id='word_1_26' title='bbox 2090 467 2163 520; x_wconf 86' lang='lat' dir='ltr'><strong>Vl,</strong></span> <span class='ocrx_word' id='word_1_27' title='bbox 2195 466 2294 509; x_wconf 87' lang='grc'><strong>823.</strong></span> <span class='ocrx_word' id='word_1_28' title='bbox 2354 466 2454 509; x_wconf 90' lang='lat' dir='ltr'><strong>Nam</strong></span> <span class='ocrx_word' id='word_1_29' title='bbox 2492 480 2544 510; x_wconf 91' lang='lat' dir='ltr'><strong>ne</strong></span> <span class='ocrx_word' id='word_1_30' title='bbox 2581 470 2616 511; x_wconf 89' lang='lat' dir='ltr'><strong>is</strong></span> <span class='ocrx_word' id='word_1_31' title='bbox 2653 469 2814 523; x_wconf 90' lang='lat' dir='ltr'><strong>quidem</strong></span> 
     </span>
     <span class='ocr_line' id='line_1_5' title="bbox 242 545 2814 602; baseline 0.001 -14"><span class='ocrx_word' id='word_1_32' title='bbox 242 548 385 588; x_wconf 87' lang='lat' dir='ltr'><strong>auctor</strong></span> <span class='ocrx_word' id='word_1_33' title='bbox 431 550 513 599; x_wconf 85' lang='lat' dir='ltr'><strong>est,</strong></span> <span class='ocrx_word' id='word_1_34' title='bbox 561 551 644 589; x_wconf 90' lang='lat' dir='ltr'><strong>tum</strong></span> <span class='ocrx_word' id='word_1_35' title='bbox 690 547 864 590; x_wconf 88' lang='lat' dir='ltr'><strong>maxime</strong></span> <span class='ocrx_word' id='word_1_36' title='bbox 903 546 946 589; x_wconf 94' lang='lat' dir='ltr'><strong>in</strong></span> <span class='ocrx_word' id='word_1_37' title='bbox 991 547 1257 601; x_wconf 87' lang='lat' dir='ltr'><strong>exsequendo</strong></span> <span class='ocrx_word' id='word_1_38' title='bbox 1295 547 1490 602; x_wconf 87' lang='lat' dir='ltr'><strong>supplicio</strong></span> <span class='ocrx_word' id='word_1_39' title='bbox 1536 557 1713 588; x_wconf 87' lang='lat' dir='ltr'><strong>amorem</strong></span> <span class='ocrx_word' id='word_1_40' title='bbox 1760 548 1930 601; x_wconf 87' lang='lat' dir='ltr'><strong>patrium</strong></span> <span class='ocrx_word' id='word_1_41' title='bbox 1977 548 2018 589; x_wconf 90' lang='lat' dir='ltr'><strong>in</strong></span> <span class='ocrx_word' id='word_1_42' title='bbox 2064 546 2176 588; x_wconf 84' lang='lat' dir='ltr'><strong>vultu</strong></span> <span class='ocrx_word' id='word_1_43' title='bbox 2212 545 2337 600; x_wconf 86' lang='lat' dir='ltr'><strong>patris</strong></span> <span class='ocrx_word' id='word_1_44' title='bbox 2376 548 2636 602; x_wconf 86' lang='lat' dir='ltr'><strong>conspicuum</strong></span> <span class='ocrx_word' id='word_1_45' title='bbox 2675 549 2814 592; x_wconf 83' lang='lat' dir='ltr'><strong>fuisse.</strong></span> 
     </span>
     <span class='ocr_line' id='line_1_6' title="bbox 241 623 2815 684; baseline 0.002 -18"><span class='ocrx_word' id='word_1_46' title='bbox 241 623 427 677; x_wconf 86' lang='lat' dir='ltr'><strong>Denique</strong></span> <span class='ocrx_word' id='word_1_47' title='bbox 455 625 491 666; x_wconf 92' lang='lat' dir='ltr'><strong>si</strong></span> <span class='ocrx_word' id='word_1_48' title='bbox 524 626 862 679; x_wconf 82' lang='lat' dir='ltr'><strong>quaesiverimuS,</strong></span> <span class='ocrx_word' id='word_1_49' title='bbox 892 626 935 667; x_wconf 90' lang='lat' dir='ltr'><strong>in</strong></span> <span class='ocrx_word' id='word_1_50' title='bbox 963 626 1074 669; x_wconf 84' lang='lat' dir='ltr'>Bruti</span> <span class='ocrx_word' id='word_1_51' title='bbox 1105 639 1342 681; x_wconf 82' lang='lat' dir='ltr'>personam,</span> <span class='ocrx_word' id='word_1_52' title='bbox 1384 627 1540 680; x_wconf 89' lang='lat' dir='ltr'><strong>qualem</strong></span> <span class='ocrx_word' id='word_1_53' title='bbox 1571 626 1731 680; x_wconf 90' lang='lat' dir='ltr'><strong>quidem</strong></span> <span class='ocrx_word' id='word_1_54' title='bbox 1762 627 1926 669; x_wconf 88' lang='lat' dir='ltr'><strong>alterius</strong></span> <span class='ocrx_word' id='word_1_55' title='bbox 1963 626 2183 669; x_wconf 89' lang='lat' dir='ltr'><strong>conditoris</strong></span> <span class='ocrx_word' id='word_1_56' title='bbox 2212 625 2329 667; x_wconf 83' lang='lat' dir='ltr'>Urbis</span> <span class='ocrx_word' id='word_1_57' title='bbox 2361 625 2566 682; x_wconf 84' lang='lat' dir='ltr'><strong>fingebant</strong></span> <span class='ocrx_word' id='word_1_58' title='bbox 2594 630 2815 684; x_wconf 81' lang='lat' dir='ltr'><strong>scriptores</strong></span> 
     </span>
     <span class='ocr_line' id='line_1_7' title="bbox 240 702 2815 764; baseline 0.003 -19"><span class='ocrx_word' id='word_1_59' title='bbox 240 702 424 759; x_wconf 88' lang='lat' dir='ltr'><strong>Romani,</strong></span> <span class='ocrx_word' id='word_1_60' title='bbox 453 709 586 747; x_wconf 92' lang='lat' dir='ltr'><strong>utrum</strong></span> <span class='ocrx_word' id='word_1_61' title='bbox 615 707 744 762; x_wconf 89' lang='lat' dir='ltr'><strong>magis</strong></span> <span class='ocrx_word' id='word_1_62' title='bbox 773 706 888 749; x_wconf 89' lang='lat' dir='ltr'><strong>cadat</strong></span> <span class='ocrx_word' id='word_1_63' title='bbox 916 707 1098 749; x_wconf 92' lang='lat' dir='ltr'><strong>dolorem</strong></span> <span class='ocrx_word' id='word_1_64' title='bbox 1128 717 1366 762; x_wconf 88' lang='lat' dir='ltr'><strong>oppressum</strong></span> <span class='ocrx_word' id='word_1_65' title='bbox 1386 711 1527 749; x_wconf 89' lang='lat' dir='ltr'><strong>tenere</strong></span> <span class='ocrx_word' id='word_1_66' title='bbox 1557 707 1708 760; x_wconf 89' lang='lat' dir='ltr'><strong>patriae</strong></span> <span class='ocrx_word' id='word_1_67' title='bbox 1727 719 1865 749; x_wconf 88' lang='lat' dir='ltr'><strong>amore</strong></span> <span class='ocrx_word' id='word_1_68' title='bbox 1895 720 1946 749; x_wconf 93' lang='lat' dir='ltr'><strong>an</strong></span> <span class='ocrx_word' id='word_1_69' title='bbox 1976 707 2146 753; x_wconf 88' lang='lat' dir='ltr'><strong>titubare</strong></span> <span class='ocrx_word' id='word_1_70' title='bbox 2173 707 2304 748; x_wconf 89' lang='lat' dir='ltr'><strong>animo</strong></span> <span class='ocrx_word' id='word_1_71' title='bbox 2333 710 2375 749; x_wconf 90' lang='lat' dir='ltr'><strong>et</strong></span> <span class='ocrx_word' id='word_1_72' title='bbox 2403 706 2688 752; x_wconf 77' lang='lat' dir='ltr'><strong>dubitationem</strong></span> <span class='ocrx_word' id='word_1_73' title='bbox 2717 723 2815 764; x_wconf 90' lang='lat' dir='ltr'><strong>prae</strong></span> 
     </span>
     <span class='ocr_line' id='line_1_8' title="bbox 241 784 2507 842; baseline 0.001 -16"><span class='ocrx_word' id='word_1_74' title='bbox 241 796 287 827; x_wconf 90' lang='lat' dir='ltr'><strong>se</strong></span> <span class='ocrx_word' id='word_1_75' title='bbox 315 784 440 839; x_wconf 83' lang='lat' dir='ltr'><strong>ferre,</strong></span> <span class='ocrx_word' id='word_1_76' title='bbox 469 787 724 830; x_wconf 78' lang='lat' dir='ltr'><strong>manifestum</strong></span> <span class='ocrx_word' id='word_1_77' title='bbox 750 790 840 842; x_wconf 90' lang='lat' dir='ltr'><strong>erit,</strong></span> <span class='ocrx_word' id='word_1_78' title='bbox 870 800 953 831; x_wconf 90' lang='lat' dir='ltr'><strong>non</strong></span> <span class='ocrx_word' id='word_1_79' title='bbox 982 789 1162 842; x_wconf 87' lang='lat' dir='ltr'><strong>potuisse</strong></span> <span class='ocrx_word' id='word_1_80' title='bbox 1191 788 1345 830; x_wconf 91' lang='lat' dir='ltr'><strong>Livium</strong></span> <span class='ocrx_word' id='word_1_81' title='bbox 1371 788 1528 831; x_wconf 79' lang='lat' dir='ltr'><strong>referre</strong></span> <span class='ocrx_word' id='word_1_82' title='bbox 1556 787 1773 830; x_wconf 85' lang='lat' dir='ltr'><strong>eminuisse</strong></span> <span class='ocrx_word' id='word_1_83' title='bbox 1802 788 1843 828; x_wconf 91' lang='lat' dir='ltr'><strong>in</strong></span> <span class='ocrx_word' id='word_1_84' title='bbox 1874 799 1946 830; x_wconf 89' lang='lat' dir='ltr'><strong>ore</strong></span> <span class='ocrx_word' id='word_1_85' title='bbox 1976 787 2088 830; x_wconf 82' lang='lat' dir='ltr'><strong>Bruti</strong></span> <span class='ocrx_word' id='word_1_86' title='bbox 2116 798 2292 830; x_wconf 88' lang='lat' dir='ltr'><strong>amorem</strong></span> <span class='ocrx_word' id='word_1_87' title='bbox 2322 785 2507 841; x_wconf 88' lang='lat' dir='ltr'><strong>patrium.</strong></span> 
     </span>
    </p>

    <p class='ocr_par' dir='ltr' id='par_1_4' title="bbox 240 865 2815 1160">
     <span class='ocr_line' id='line_1_9' title="bbox 359 865 2814 948; baseline 0.002 -40"><span class='ocrx_word' id='word_1_88' title='bbox 359 866 550 921; x_wconf 88' lang='lat' dir='ltr'><strong>Fuerunt,</strong></span> <span class='ocrx_word' id='word_1_89' title='bbox 582 870 665 921; x_wconf 90' lang='lat' dir='ltr'><strong>qui,</strong></span> <span class='ocrx_word' id='word_1_90' title='bbox 697 872 741 910; x_wconf 93' lang='lat' dir='ltr'><strong>ut</strong></span> <span class='ocrx_word' id='word_1_91' title='bbox 761 868 896 910; x_wconf 86' lang='lat' dir='ltr'><strong>Livius</strong></span> <span class='ocrx_word' id='word_1_92' title='bbox 916 881 1007 910; x_wconf 89' lang='lat' dir='ltr'><strong>cum</strong></span> <span class='ocrx_word' id='word_1_93' title='bbox 1038 869 1187 910; x_wconf 86' lang='lat' dir='ltr'><strong>ceteris</strong></span> <span class='ocrx_word' id='word_1_94' title='bbox 1214 869 1444 910; x_wconf 88' lang='lat' dir='ltr'><strong>auctoribus</strong></span> <span class='ocrx_word' id='word_1_95' title='bbox 1463 868 1723 922; x_wconf 83' lang='lat' dir='ltr'><strong>consentiret,</strong></span> <span class='ocrx_word' id='word_1_96' title='bbox 1753 868 1874 909; x_wconf 88' lang='lat' dir='ltr'><strong>scribi</strong></span> <span class='ocrx_word' id='word_1_97' title='bbox 1893 871 2109 910; x_wconf 86' lang='lat' dir='ltr'><strong>censerent</strong></span> <span class='ocrx_word' id='word_1_98' title='bbox 2128 878 2202 921; x_wconf 90' lang='lat' dir='ltr'><strong>pro</strong></span> <span class='ocrx_word' id='word_1_99' title='bbox 2231 865 2431 910; x_wconf 67' lang='lat' dir='ltr'><strong>enitente</strong></span> <span class='ocrx_word' id='word_1_100' title='bbox 2448 865 2704 948; x_wconf 56' lang='grc' dir='ltr'><strong>οΙΙΙθῐθίιξ,</strong></span> <span class='ocrx_word' id='word_1_101' title='bbox 2737 869 2814 923; x_wconf 86' lang='lat' dir='ltr'><strong>„ob</strong></span> 
     </span>
     <span class='ocr_line' id='line_1_10' title="bbox 240 945 2815 1003; baseline 0.002 -17"><span class='ocrx_word' id='word_1_102' title='bbox 240 956 289 986; x_wconf 90' lang='lat' dir='ltr'><strong>er</strong></span> <span class='ocrx_word' id='word_1_103' title='bbox 318 945 444 988; x_wconf 83' lang='lat' dir='ltr'><strong>durch</strong></span> <span class='ocrx_word' id='word_1_104' title='bbox 474 946 553 989; x_wconf 90' lang='lat' dir='ltr'><strong>den</strong></span> <span class='ocrx_word' id='word_1_105' title='bbox 581 946 795 989; x_wconf 86' lang='lat' dir='ltr'><strong>Ausdruck</strong></span> <span class='ocrx_word' id='word_1_106' title='bbox 828 946 900 989; x_wconf 90' lang='lat' dir='ltr'><strong>des</strong></span> <span class='ocrx_word' id='word_1_107' title='bbox 929 947 1214 1003; x_wconf 74' lang='lat' dir='ltr'><strong>Vaterget‘uhls</strong></span> <span class='ocrx_word' id='word_1_108' title='bbox 1245 948 1431 990; x_wconf 80' lang='lat' dir='ltr'><strong>auffallen</strong></span> <span class='ocrx_word' id='word_1_109' title='bbox 1462 948 1641 989; x_wconf 87' lang='lat' dir='ltr'><strong>werde.“</strong></span> <span class='ocrx_word' id='word_1_110' title='bbox 1704 948 1783 990; x_wconf 91' lang='lat' dir='ltr'><strong>Sed</strong></span> <span class='ocrx_word' id='word_1_111' title='bbox 1817 948 1906 1002; x_wconf 90' lang='lat' dir='ltr'><strong>quis</strong></span> <span class='ocrx_word' id='word_1_112' title='bbox 1936 952 2020 1001; x_wconf 88' lang='lat' dir='ltr'><strong>est,</strong></span> <span class='ocrx_word' id='word_1_113' title='bbox 2050 947 2118 1001; x_wconf 87' lang='lat' dir='ltr'><strong>qui</strong></span> <span class='ocrx_word' id='word_1_114' title='bbox 2150 946 2287 988; x_wconf 89' lang='lat' dir='ltr'><strong>credat</strong></span> <span class='ocrx_word' id='word_1_115' title='bbox 2315 945 2469 987; x_wconf 87' lang='lat' dir='ltr'><strong>Livium</strong></span> <span class='ocrx_word' id='word_1_116' title='bbox 2498 947 2554 988; x_wconf 90' lang='lat' dir='ltr'><strong>ita</strong></span> <span class='ocrx_word' id='word_1_117' title='bbox 2582 946 2815 1002; x_wconf 83' lang='lat' dir='ltr'><strong>scripsisse!</strong></span> 
     </span>
     <span class='ocr_line' id='line_1_11' title="bbox 241 1023 2814 1083; baseline 0.002 -18"><span class='ocrx_word' id='word_1_118' title='bbox 241 1023 361 1073; x_wconf 80' lang='lat' dir='ltr'><strong>Quod</strong></span> <span class='ocrx_word' id='word_1_119' title='bbox 398 1026 504 1066; x_wconf 92' lang='lat' dir='ltr'><strong>enim</strong></span> <span class='ocrx_word' id='word_1_120' title='bbox 545 1026 709 1079; x_wconf 83' lang='lat' dir='ltr'><strong>quilibet</strong></span> <span class='ocrx_word' id='word_1_121' title='bbox 745 1038 817 1067; x_wconf 89' lang='lat' dir='ltr'><strong>sua</strong></span> <span class='ocrx_word' id='word_1_122' title='bbox 857 1030 1002 1080; x_wconf 90' lang='lat' dir='ltr'><strong>sponte</strong></span> <span class='ocrx_word' id='word_1_123' title='bbox 1037 1027 1244 1083; x_wconf 89' lang='lat' dir='ltr'><strong>intelligit,</strong></span> <span class='ocrx_word' id='word_1_124' title='bbox 1286 1027 1381 1080; x_wconf 87' lang='lat' dir='ltr'><strong>quid</strong></span> <span class='ocrx_word' id='word_1_125' title='bbox 1419 1027 1602 1068; x_wconf 89' lang='lat' dir='ltr'><strong>homines</strong></span> <span class='ocrx_word' id='word_1_126' title='bbox 1641 1026 1778 1069; x_wconf 91' lang='lat' dir='ltr'><strong>videre</strong></span> <span class='ocrx_word' id='word_1_127' title='bbox 1816 1027 2016 1070; x_wconf 89' lang='lat' dir='ltr'><strong>voluerint</strong></span> <span class='ocrx_word' id='word_1_128' title='bbox 2058 1025 2208 1068; x_wconf 86' lang='lat' dir='ltr'><strong>vultum</strong></span> <span class='ocrx_word' id='word_1_129' title='bbox 2246 1028 2287 1067; x_wconf 89' lang='lat' dir='ltr'><strong>et</strong></span> <span class='ocrx_word' id='word_1_130' title='bbox 2331 1036 2378 1067; x_wconf 92' lang='lat' dir='ltr'><strong>os</strong></span> <span class='ocrx_word' id='word_1_131' title='bbox 2419 1026 2542 1080; x_wconf 88' lang='lat' dir='ltr'><strong>patris</strong></span> <span class='ocrx_word' id='word_1_132' title='bbox 2570 1031 2814 1082; x_wconf 74' lang='lat' dir='ltr'><strong>spectantes,</strong></span> 
     </span>
     <span class='ocr_line' id='line_1_12' title="bbox 243 1096 2720 1160; baseline 0.002 -16"><span class='ocrx_word' id='word_1_133' title='bbox 243 1101 397 1146; x_wconf 88' lang='lat' dir='ltr'><strong>diceret</strong></span> <span class='ocrx_word' id='word_1_134' title='bbox 425 1106 621 1159; x_wconf 83' lang='lat' dir='ltr'><strong>scriptor,</strong></span> <span class='ocrx_word' id='word_1_135' title='bbox 652 1105 761 1159; x_wconf 90' lang='lat' dir='ltr'><strong>quod</strong></span> <span class='ocrx_word' id='word_1_136' title='bbox 790 1106 928 1148; x_wconf 90' lang='lat' dir='ltr'><strong>audire</strong></span> <span class='ocrx_word' id='word_1_137' title='bbox 961 1107 1166 1160; x_wconf 91' lang='lat' dir='ltr'><strong>cupimus,</strong></span> <span class='ocrx_word' id='word_1_138' title='bbox 1196 1107 1400 1148; x_wconf 86' lang='lat' dir='ltr'><strong>reticeret.</strong></span> <span class='ocrx_word' id='word_1_139' title='bbox 2718 1096 2720 1098; x_wconf 12' lang='lat' dir='ltr'>V</span> 
     </span>
    </p>

    <p class='ocr_par' dir='ltr' id='par_1_5' title="bbox 242 1183 2821 1400">
     <span class='ocr_line' id='line_1_13' title="bbox 357 1183 2821 1241; baseline 0.002 -15"><span class='ocrx_word' id='word_1_140' title='bbox 357 1183 511 1226; x_wconf 89' lang='lat' dir='ltr'><strong>Eodem</strong></span> <span class='ocrx_word' id='word_1_141' title='bbox 541 1185 703 1227; x_wconf 93' lang='lat' dir='ltr'><strong>nomine</strong></span> <span class='ocrx_word' id='word_1_142' title='bbox 733 1186 995 1240; x_wconf 87' lang='lat' dir='ltr'><strong>vituperanda</strong></span> <span class='ocrx_word' id='word_1_143' title='bbox 1026 1187 1186 1229; x_wconf 87' lang='lat' dir='ltr'><strong>videtur</strong></span> <span class='ocrx_word' id='word_1_144' title='bbox 1214 1185 1455 1229; x_wconf 82' lang='lat' dir='ltr'><strong>Alschefskii</strong></span> <span class='ocrx_word' id='word_1_145' title='bbox 1495 1187 1793 1241; x_wconf 81' lang='lat' dir='ltr'><strong>interpretatio:</strong></span> <span class='ocrx_word' id='word_1_146' title='bbox 1834 1187 1992 1240; x_wconf 82' lang='lat' dir='ltr'><strong>„indem</strong></span> <span class='ocrx_word' id='word_1_147' title='bbox 2032 1187 2096 1229; x_wconf 89' lang='lat' dir='ltr'><strong>die</strong></span> <span class='ocrx_word' id='word_1_148' title='bbox 2132 1184 2498 1228; x_wconf 83' lang='lat' dir='ltr'><strong>Aufmerksamkeit</strong></span> <span class='ocrx_word' id='word_1_149' title='bbox 2525 1184 2637 1229; x_wconf 88' lang='lat' dir='ltr'><strong>Aller</strong></span> <span class='ocrx_word' id='word_1_150' title='bbox 2676 1187 2821 1231; x_wconf 80' lang='lat' dir='ltr'><strong>darauf</strong></span> 
     </span>
     <span class='ocr_line' id='line_1_14' title="bbox 242 1263 2816 1321; baseline 0.002 -16"><span class='ocrx_word' id='word_1_151' title='bbox 242 1263 443 1318; x_wconf 87' lang='lat' dir='ltr'><strong>gerichtet</strong></span> <span class='ocrx_word' id='word_1_152' title='bbox 472 1277 577 1318; x_wconf 84' lang='lat' dir='ltr'><strong>war,</strong></span> <span class='ocrx_word' id='word_1_153' title='bbox 618 1266 697 1307; x_wconf 92' lang='lat' dir='ltr'><strong>wie</strong></span> <span class='ocrx_word' id='word_1_154' title='bbox 727 1266 814 1307; x_wconf 88' lang='lat' dir='ltr'><strong>sich</strong></span> <span class='ocrx_word' id='word_1_155' title='bbox 845 1266 914 1307; x_wconf 90' lang='lat' dir='ltr'><strong>bei·</strong></span> <span class='ocrx_word' id='word_1_156' title='bbox 941 1266 1076 1308; x_wconf 89' lang='lat' dir='ltr'><strong>dieser</strong></span> <span class='ocrx_word' id='word_1_157' title='bbox 1104 1266 1318 1321; x_wconf 88' lang='lat' dir='ltr'><strong>Handlung</strong></span> <span class='ocrx_word' id='word_1_158' title='bbox 1347 1266 1418 1308; x_wconf 91' lang='lat' dir='ltr'><strong>das</strong></span> <span class='ocrx_word' id='word_1_159' title='bbox 1449 1266 1591 1308; x_wconf 74' lang='lat' dir='ltr'><strong>Geiiihl</strong></span> <span class='ocrx_word' id='word_1_160' title='bbox 1621 1267 1693 1308; x_wconf 91' lang='lat' dir='ltr'><strong>des</strong></span> <span class='ocrx_word' id='word_1_161' title='bbox 1724 1267 1867 1308; x_wconf 88' lang='lat' dir='ltr'><strong>Vaters</strong></span> <span class='ocrx_word' id='word_1_162' title='bbox 1897 1266 2036 1308; x_wconf 92' lang='lat' dir='ltr'><strong>werde</strong></span> <span class='ocrx_word' id='word_1_163' title='bbox 2066 1279 2117 1307; x_wconf 85' lang='lat' dir='ltr'><strong>zu</strong></span> <span class='ocrx_word' id='word_1_164' title='bbox 2148 1265 2355 1307; x_wconf 88' lang='lat' dir='ltr'><strong>erkennen</strong></span> <span class='ocrx_word' id='word_1_165' title='bbox 2387 1265 2520 1321; x_wconf 92' lang='lat' dir='ltr'><strong>geben</strong></span> <span class='ocrx_word' id='word_1_166' title='bbox 2530 1266 2570 1317; x_wconf 83' lang='lat'><strong>;“</strong></span> <span class='ocrx_word' id='word_1_167' title='bbox 2603 1267 2680 1308; x_wconf 85' lang='lat' dir='ltr'><strong>nisi</strong></span> <span class='ocrx_word' id='word_1_168' title='bbox 2702 1267 2816 1321; x_wconf 70' lang='lat' dir='ltr'><strong>&#39;quod</strong></span> 
     </span>
     <span class='ocr_line' id='line_1_15' title="bbox 242 1342 1600 1400; baseline 0.001 -16"><span class='ocrx_word' id='word_1_169' title='bbox 242 1342 384 1385; x_wconf 91' lang='lat' dir='ltr'><strong>eadem</strong></span> <span class='ocrx_word' id='word_1_170' title='bbox 413 1355 496 1385; x_wconf 90' lang='lat' dir='ltr'><strong>non</strong></span> <span class='ocrx_word' id='word_1_171' title='bbox 527 1345 729 1398; x_wconf 90' lang='lat' dir='ltr'><strong>perspicio</strong></span> <span class='ocrx_word' id='word_1_172' title='bbox 760 1346 964 1398; x_wconf 92' lang='lat' dir='ltr'><strong>quomodo</strong></span> <span class='ocrx_word' id='word_1_173' title='bbox 995 1359 1018 1387; x_wconf 92' lang='lat' dir='ltr'><strong>e</strong></span> <span class='ocrx_word' id='word_1_174' title='bbox 1048 1346 1148 1387; x_wconf 91' lang='lat' dir='ltr'><strong>Livii</strong></span> <span class='ocrx_word' id='word_1_175' title='bbox 1180 1346 1314 1387; x_wconf 83' lang='lat' dir='ltr'><strong>verbis</strong></span> <span class='ocrx_word' id='word_1_176' title='bbox 1343 1346 1432 1387; x_wconf 89' lang='lat' dir='ltr'><strong>elici</strong></span> <span class='ocrx_word' id='word_1_177' title='bbox 1461 1347 1600 1400; x_wconf 88' lang='lat' dir='ltr'><strong>possit.</strong></span> 
     </span>
    </p>

    <p class='ocr_par' dir='ltr' id='par_1_6' title="bbox 242 1423 2816 1800">
     <span class='ocr_line' id='line_1_16' title="bbox 359 1423 2815 1480; baseline 0 -16"><span class='ocrx_word' id='word_1_178' title='bbox 359 1423 462 1472; x_wconf 83' lang='lat' dir='ltr'><strong>Quid</strong></span> <span class='ocrx_word' id='word_1_179' title='bbox 490 1424 615 1478; x_wconf 90' lang='lat' dir='ltr'><strong>igitur</strong></span> <span class='ocrx_word' id='word_1_180' title='bbox 643 1425 931 1466; x_wconf 80' lang='lat' dir='ltr'><strong>statuendum?</strong></span> <span class='ocrx_word' id='word_1_181' title='bbox 989 1426 1079 1479; x_wconf 89' lang='lat' dir='ltr'><strong>Ego</strong></span> <span class='ocrx_word' id='word_1_182' title='bbox 1108 1427 1316 1478; x_wconf 90' lang='lat' dir='ltr'><strong>suspicor,</strong></span> <span class='ocrx_word' id='word_1_183' title='bbox 1356 1430 1448 1466; x_wconf 91' lang='lat' dir='ltr'><strong>ante</strong></span> <span class='ocrx_word' id='word_1_184' title='bbox 1487 1425 1686 1468; x_wconf 78' lang='lat' dir='ltr'><strong>eminente</strong></span> <span class='ocrx_word' id='word_1_185' title='bbox 1723 1425 1954 1479; x_wconf 80' lang='lat' dir='ltr'><strong>particulam</strong></span> <span class='ocrx_word' id='word_1_186' title='bbox 1992 1425 2219 1480; x_wconf 84' lang='lat' dir='ltr'><strong>negativam</strong></span> <span class='ocrx_word' id='word_1_187' title='bbox 2249 1424 2462 1466; x_wconf 87' lang='lat' dir='ltr'><strong>excidisse.</strong></span> <span class='ocrx_word' id='word_1_188' title='bbox 2523 1423 2609 1473; x_wconf 86' lang='lat' dir='ltr'><strong>Qua</strong></span> <span class='ocrx_word' id='word_1_189' title='bbox 2638 1425 2815 1478; x_wconf 84' lang='lat' dir='ltr'><strong>reposita</strong></span> 
     </span>
     <span class='ocr_line' id='line_1_17' title="bbox 242 1501 2815 1558; baseline 0.001 -15"><span class='ocrx_word' id='word_1_190' title='bbox 242 1501 345 1544; x_wconf 89' lang='lat' dir='ltr'><strong>Livii</strong></span> <span class='ocrx_word' id='word_1_191' title='bbox 374 1504 549 1544; x_wconf 88' lang='lat' dir='ltr'><strong>narratio</strong></span> <span class='ocrx_word' id='word_1_192' title='bbox 581 1516 671 1544; x_wconf 92' lang='lat' dir='ltr'><strong>cum</strong></span> <span class='ocrx_word' id='word_1_193' title='bbox 701 1508 931 1546; x_wconf 88' lang='lat' dir='ltr'><strong>ceterorum</strong></span> <span class='ocrx_word' id='word_1_194' title='bbox 962 1510 1171 1546; x_wconf 89' lang='lat' dir='ltr'><strong>auctorum</strong></span> <span class='ocrx_word' id='word_1_195' title='bbox 1201 1505 1397 1546; x_wconf 89' lang='lat' dir='ltr'><strong>relatione</strong></span> <span class='ocrx_word' id='word_1_196' title='bbox 1432 1505 1651 1558; x_wconf 90' lang='lat' dir='ltr'><strong>consentit,</strong></span> <span class='ocrx_word' id='word_1_197' title='bbox 1694 1517 1716 1545; x_wconf 89' lang='lat' dir='ltr'><strong>a</strong></span> <span class='ocrx_word' id='word_1_198' title='bbox 1748 1517 1825 1558; x_wconf 87' lang='lat' dir='ltr'><strong>qua</strong></span> <span class='ocrx_word' id='word_1_199' title='bbox 1862 1505 1930 1558; x_wconf 90' lang='lat' dir='ltr'><strong>qui</strong></span> <span class='ocrx_word' id='word_1_200' title='bbox 1958 1504 2112 1546; x_wconf 90' lang='lat' dir='ltr'><strong>Livium</strong></span> <span class='ocrx_word' id='word_1_201' title='bbox 2142 1503 2376 1547; x_wconf 84' lang='lat' dir='ltr'><strong>discessisse</strong></span> <span class='ocrx_word' id='word_1_202' title='bbox 2406 1507 2545 1558; x_wconf 92' lang='lat' dir='ltr'><strong>putant</strong></span> <span class='ocrx_word' id='word_1_203' title='bbox 2573 1502 2815 1547; x_wconf 84' lang='lat' dir='ltr'><strong>humanitate</strong></span> 
     </span>
     <span class='ocr_line' id='line_1_18' title="bbox 242 1581 2816 1640; baseline 0 -16"><span class='ocrx_word' id='word_1_204' title='bbox 242 1581 426 1636; x_wconf 89' lang='lat' dir='ltr'><strong>ductum,</strong></span> <span class='ocrx_word' id='word_1_205' title='bbox 466 1587 510 1624; x_wconf 91' lang='lat' dir='ltr'><strong>ut</strong></span> <span class='ocrx_word' id='word_1_206' title='bbox 540 1583 706 1626; x_wconf 90' lang='lat' dir='ltr'><strong>Brutum</strong></span> <span class='ocrx_word' id='word_1_207' title='bbox 736 1586 867 1627; x_wconf 91' lang='lat' dir='ltr'><strong>minus</strong></span> <span class='ocrx_word' id='word_1_208' title='bbox 898 1584 1078 1627; x_wconf 81' lang='lat' dir='ltr'><strong>ferocem</strong></span> <span class='ocrx_word' id='word_1_209' title='bbox 1108 1584 1306 1640; x_wconf 80' lang='lat' dir='ltr'><strong>fingeret,</strong></span> <span class='ocrx_word' id='word_1_210' title='bbox 1347 1585 1373 1626; x_wconf 87' lang='lat' dir='ltr'><strong>ii</strong></span> <span class='ocrx_word' id='word_1_211' title='bbox 1403 1584 1589 1626; x_wconf 87' lang='lat' dir='ltr'><strong>videntur</strong></span> <span class='ocrx_word' id='word_1_212' title='bbox 1619 1584 1730 1625; x_wconf 89' lang='lat' dir='ltr'><strong>obiiti</strong></span> <span class='ocrx_word' id='word_1_213' title='bbox 1759 1596 1850 1626; x_wconf 92' lang='lat' dir='ltr'><strong>esse</strong></span> <span class='ocrx_word' id='word_1_214' title='bbox 1879 1584 2033 1626; x_wconf 86' lang='lat' dir='ltr'><strong>Livium</strong></span> <span class='ocrx_word' id='word_1_215' title='bbox 2064 1597 2200 1626; x_wconf 90' lang='lat' dir='ltr'><strong>rerum</strong></span> <span class='ocrx_word' id='word_1_216' title='bbox 2230 1588 2434 1640; x_wconf 92' lang='lat' dir='ltr'><strong>gestarum</strong></span> <span class='ocrx_word' id='word_1_217' title='bbox 2465 1584 2703 1637; x_wconf 87' lang='lat' dir='ltr'><strong>scriptorem</strong></span> <span class='ocrx_word' id='word_1_218' title='bbox 2731 1596 2816 1624; x_wconf 90' lang='lat' dir='ltr'><strong>non</strong></span> 
     </span>
     <span class='ocr_line' id='line_1_19' title="bbox 242 1661 2815 1718; baseline 0 -15"><span class='ocrx_word' id='word_1_219' title='bbox 242 1666 404 1716; x_wconf 72' lang='lat' dir='ltr'><strong>poetam</strong></span> <span class='ocrx_word' id='word_1_220' title='bbox 440 1661 578 1705; x_wconf 80' lang='lat' dir='ltr'><strong>fuisse.</strong></span> <span class='ocrx_word' id='word_1_221' title='bbox 636 1662 827 1718; x_wconf 86' lang='lat' dir='ltr'><strong>Accedit,</strong></span> <span class='ocrx_word' id='word_1_222' title='bbox 868 1664 976 1718; x_wconf 90' lang='lat' dir='ltr'><strong>quod</strong></span> <span class='ocrx_word' id='word_1_223' title='bbox 1013 1677 1066 1707; x_wconf 93' lang='lat' dir='ltr'><strong>ne</strong></span> <span class='ocrx_word' id='word_1_224' title='bbox 1104 1665 1164 1706; x_wconf 88' lang='lat' dir='ltr'><strong>sic</strong></span> <span class='ocrx_word' id='word_1_225' title='bbox 1197 1664 1357 1718; x_wconf 88' lang='lat' dir='ltr'><strong>quidem</strong></span> <span class='ocrx_word' id='word_1_226' title='bbox 1394 1664 1538 1706; x_wconf 91' lang='lat' dir='ltr'><strong>Brutus</strong></span> <span class='ocrx_word' id='word_1_227' title='bbox 1575 1664 1721 1706; x_wconf 89' lang='lat' dir='ltr'><strong>dicitur</strong></span> <span class='ocrx_word' id='word_1_228' title='bbox 1758 1664 1885 1705; x_wconf 92' lang='lat' dir='ltr'><strong>omnis</strong></span> <span class='ocrx_word' id='word_1_229' title='bbox 1921 1664 2036 1718; x_wconf 88' lang='lat' dir='ltr'><strong>patrii</strong></span> <span class='ocrx_word' id='word_1_230' title='bbox 2074 1664 2192 1706; x_wconf 88' lang='lat' dir='ltr'><strong>animi</strong></span> <span class='ocrx_word' id='word_1_231' title='bbox 2221 1675 2369 1718; x_wconf 87' lang='lat' dir='ltr'><strong>expers</strong></span> <span class='ocrx_word' id='word_1_232' title='bbox 2406 1663 2532 1705; x_wconf 78' lang='lat' dir='ltr'><strong>fuisse</strong></span> <span class='ocrx_word' id='word_1_233' title='bbox 2561 1662 2635 1705; x_wconf 92' lang='lat' dir='ltr'><strong>sed</strong></span> <span class='ocrx_word' id='word_1_234' title='bbox 2662 1667 2815 1706; x_wconf 88' lang='lat' dir='ltr'><strong>tantum</strong></span> 
     </span>
     <span class='ocr_line' id='line_1_20' title="bbox 242 1741 2672 1800; baseline 0.004 -18"><span class='ocrx_word' id='word_1_235' title='bbox 242 1741 349 1783; x_wconf 87' lang='lat' dir='ltr'><strong>iuter</strong></span> <span class='ocrx_word' id='word_1_236' title='bbox 381 1741 564 1796; x_wconf 88' lang='lat' dir='ltr'><strong>publicae</strong></span> <span class='ocrx_word' id='word_1_237' title='bbox 595 1755 752 1798; x_wconf 90' lang='lat' dir='ltr'><strong>poenae</strong></span> <span class='ocrx_word' id='word_1_238' title='bbox 786 1744 1048 1787; x_wconf 87' lang='lat' dir='ltr'><strong>ministerium</strong></span> <span class='ocrx_word' id='word_1_239' title='bbox 1078 1745 1317 1786; x_wconf 90' lang='lat' dir='ltr'><strong>immutatus.</strong></span> <span class='ocrx_word' id='word_1_240' title='bbox 2669 1798 2672 1800; x_wconf 15' lang='lat' dir='ltr'>v</span> 
     </span>
    </p>

    <p class='ocr_par' dir='ltr' id='par_1_7' title="bbox 243 1822 2813 1959">
     <span class='ocr_line' id='line_1_21' title="bbox 357 1822 2813 1879; baseline 0 -15"><span class='ocrx_word' id='word_1_241' title='bbox 357 1822 551 1866; x_wconf 80' lang='lat' dir='ltr'><strong>Particula</strong></span> <span class='ocrx_word' id='word_1_242' title='bbox 578 1833 662 1869; x_wconf 81' lang='lat' dir='ltr'><strong>non</strong></span> <span class='ocrx_word' id='word_1_243' title='bbox 689 1825 785 1867; x_wconf 89' lang='lat' dir='ltr'><strong>item</strong></span> <span class='ocrx_word' id='word_1_244' title='bbox 814 1824 943 1878; x_wconf 85' lang='lat' dir='ltr'><strong>XXX,</strong></span> <span class='ocrx_word' id='word_1_245' title='bbox 974 1824 1044 1867; x_wconf 82' lang='lat'><strong>23.</strong></span> <span class='ocrx_word' id='word_1_246' title='bbox 1078 1824 1104 1866; x_wconf 83' lang='lat'><strong>6</strong></span> <span class='ocrx_word' id='word_1_247' title='bbox 1134 1824 1176 1866; x_wconf 90' lang='lat' dir='ltr'><strong>in</strong></span> <span class='ocrx_word' id='word_1_248' title='bbox 1203 1823 1314 1866; x_wconf 88' lang='lat' dir='ltr'><strong>libris</strong></span> <span class='ocrx_word' id='word_1_249' title='bbox 1343 1835 1520 1866; x_wconf 88' lang='lat' dir='ltr'><strong>manusc.</strong></span> <span class='ocrx_word' id='word_1_250' title='bbox 1553 1824 1700 1865; x_wconf 90' lang='lat' dir='ltr'><strong>omissa</strong></span> <span class='ocrx_word' id='word_1_251' title='bbox 1733 1823 1780 1865; x_wconf 92' lang='lat' dir='ltr'><strong>ab</strong></span> <span class='ocrx_word' id='word_1_252' title='bbox 1821 1823 2106 1877; x_wconf 88' lang='lat' dir='ltr'><strong>interpretibus</strong></span> <span class='ocrx_word' id='word_1_253' title='bbox 2136 1825 2319 1866; x_wconf 90' lang='lat' dir='ltr'><strong>restituta</strong></span> <span class='ocrx_word' id='word_1_254' title='bbox 2349 1829 2424 1865; x_wconf 91' lang='lat' dir='ltr'><strong>est.</strong></span> <span class='ocrx_word' id='word_1_255' title='bbox 2456 1823 2683 1879; x_wconf 83' lang='lat' dir='ltr'><strong>Adjungam</strong></span> <span class='ocrx_word' id='word_1_256' title='bbox 2713 1823 2813 1864; x_wconf 91' lang='lat' dir='ltr'><strong>duos</strong></span> 
     </span>
     <span class='ocr_line' id='line_1_22' title="bbox 243 1901 1547 1959; baseline 0 -16"><span class='ocrx_word' id='word_1_257' title='bbox 243 1901 343 1943; x_wconf 90' lang='lat' dir='ltr'><strong>alios</strong></span> <span class='ocrx_word' id='word_1_258' title='bbox 371 1903 509 1955; x_wconf 90' lang='lat' dir='ltr'><strong>locos,</strong></span> <span class='ocrx_word' id='word_1_259' title='bbox 543 1904 687 1956; x_wconf 91' lang='lat' dir='ltr'><strong>quibus</strong></span> <span class='ocrx_word' id='word_1_260' title='bbox 717 1908 759 1945; x_wconf 87' lang='lat' dir='ltr'><strong>et</strong></span> <span class='ocrx_word' id='word_1_261' title='bbox 786 1904 884 1957; x_wconf 90' lang='lat' dir='ltr'><strong>ipsis</strong></span> <span class='ocrx_word' id='word_1_262' title='bbox 917 1904 1081 1959; x_wconf 85' lang='lat' dir='ltr'><strong>negatio</strong></span> <span class='ocrx_word' id='word_1_263' title='bbox 1111 1903 1271 1945; x_wconf 88' lang='lat' dir='ltr'><strong>videtur</strong></span> <span class='ocrx_word' id='word_1_264' title='bbox 1302 1903 1547 1956; x_wconf 91' lang='lat' dir='ltr'><strong>reponenda.</strong></span> 
     </span>
    </p>
   </div>
   <div class='ocr_carea' id='block_1_4' title="bbox 1397 2037 1665 2101">
    <p class='ocr_par' dir='ltr' id='par_1_8' title="bbox 1397 2037 1665 2101">
     <span class='ocr_line' id='line_1_23' title="bbox 1397 2037 1665 2101; baseline -0.004 -9"><span class='ocrx_word' id='word_1_265' title='bbox 1397 2037 1454 2101; x_wconf 78' lang='lat' dir='ltr'><strong>X,</strong></span> <span class='ocrx_word' id='word_1_266' title='bbox 1491 2037 1560 2092; x_wconf 83' lang='lat'><strong>31.</strong></span> <span class='ocrx_word' id='word_1_267' title='bbox 1595 2037 1665 2092; x_wconf 83' lang='lat'><strong>15.</strong></span> 
     </span>
    </p>
   </div>
   <div class='ocr_carea' id='block_1_5' title="bbox 236 2140 2816 3323">
    <p class='ocr_par' dir='ltr' id='par_1_9' title="bbox 242 2140 2813 2277">
     <span class='ocr_line' id='line_1_24' title="bbox 359 2140 2813 2196; baseline -0.001 -12"><span class='ocrx_word' id='word_1_268' title='bbox 359 2140 573 2191; x_wconf 84' lang='lat' dir='ltr'><strong>Quinam</strong></span> <span class='ocrx_word' id='word_1_269' title='bbox 621 2141 692 2184; x_wconf 91' lang='lat' dir='ltr'><strong>sit</strong></span> <span class='ocrx_word' id='word_1_270' title='bbox 740 2141 852 2195; x_wconf 91' lang='lat' dir='ltr'><strong>ille,</strong></span> <span class='ocrx_word' id='word_1_271' title='bbox 912 2151 1054 2194; x_wconf 77' lang='lat' dir='ltr'><strong>quem</strong></span> <span class='ocrx_word' id='word_1_272' title='bbox 1098 2141 1288 2195; x_wconf 77' lang='lat' dir='ltr'><strong>pigeat</strong></span> <span class='ocrx_word' id='word_1_273' title='bbox 1343 2140 1768 2195; x_wconf 86' lang='lat' dir='ltr'><strong>longinquitatis</strong></span> <span class='ocrx_word' id='word_1_274' title='bbox 1813 2140 2075 2181; x_wconf 89' lang='lat' dir='ltr'><strong>bellorum</strong></span> <span class='ocrx_word' id='word_1_275' title='bbox 2125 2141 2414 2182; x_wconf 89' lang='lat' dir='ltr'><strong>scribendo</strong></span> <span class='ocrx_word' id='word_1_276' title='bbox 2459 2140 2813 2196; x_wconf 89' lang='lat' dir='ltr'><strong>legendoque,</strong></span> 
     </span>
     <span class='ocr_line' id='line_1_25' title="bbox 242 2221 1261 2277; baseline -0.001 -14"><span class='ocrx_word' id='word_1_277' title='bbox 242 2232 374 2275; x_wconf 88' lang='lat' dir='ltr'><strong>quae</strong></span> <span class='ocrx_word' id='word_1_278' title='bbox 411 2226 672 2277; x_wconf 86' lang='lat' dir='ltr'><strong>gerentes</strong></span> <span class='ocrx_word' id='word_1_279' title='bbox 712 2233 815 2263; x_wconf 90' lang='lat' dir='ltr'><strong>non</strong></span> <span class='ocrx_word' id='word_1_280' title='bbox 853 2221 1261 2277; x_wconf 80' lang='lat' dir='ltr'><strong>fatigaverunt?</strong></span> 
     </span>
    </p>

    <p class='ocr_par' dir='ltr' id='par_1_10' title="bbox 238 2297 2816 2516">
     <span class='ocr_line' id='line_1_26' title="bbox 353 2297 2816 2356; baseline -0 -14"><span class='ocrx_word' id='word_1_281' title='bbox 353 2299 433 2342; x_wconf 82' lang='lat' dir='ltr'><strong>Alii</strong></span> <span class='ocrx_word' id='word_1_282' title='bbox 468 2300 559 2342; x_wconf 88' lang='lat' dir='ltr'><strong>libri</strong></span> <span class='ocrx_word' id='word_1_283' title='bbox 597 2300 747 2343; x_wconf 88' lang='lat' dir='ltr'><strong>habent</strong></span> <span class='ocrx_word' id='word_1_284' title='bbox 782 2309 866 2344; x_wconf 82' lang='lat' dir='ltr'><strong>non</strong></span> <span class='ocrx_word' id='word_1_285' title='bbox 894 2301 1051 2356; x_wconf 79' lang='lat' dir='ltr'><strong>pigeat,</strong></span> <span class='ocrx_word' id='word_1_286' title='bbox 1082 2302 1147 2343; x_wconf 89' lang='lat' dir='ltr'><strong>alii</strong></span> <span class='ocrx_word' id='word_1_287' title='bbox 1178 2301 1364 2343; x_wconf 90' lang='lat' dir='ltr'><strong>omittunt</strong></span> <span class='ocrx_word' id='word_1_288' title='bbox 1393 2299 1661 2356; x_wconf 88' lang='lat' dir='ltr'><strong>negationem.</strong></span> <span class='ocrx_word' id='word_1_289' title='bbox 1724 2297 1848 2340; x_wconf 82' lang='lat' dir='ltr'><strong>Aldus</strong></span> <span class='ocrx_word' id='word_1_290' title='bbox 1877 2300 1986 2353; x_wconf 89' lang='lat' dir='ltr'><strong>prius</strong></span> <span class='ocrx_word' id='word_1_291' title='bbox 2018 2300 2151 2342; x_wconf 89' lang='lat' dir='ltr'><strong>omisit</strong></span> <span class='ocrx_word' id='word_1_292' title='bbox 2182 2312 2282 2353; x_wconf 88' lang='lat' dir='ltr'><strong>eam,</strong></span> <span class='ocrx_word' id='word_1_293' title='bbox 2314 2299 2458 2342; x_wconf 92' lang='lat' dir='ltr'><strong>deinde</strong></span> <span class='ocrx_word' id='word_1_294' title='bbox 2486 2300 2528 2341; x_wconf 90' lang='lat' dir='ltr'><strong>in</strong></span> <span class='ocrx_word' id='word_1_295' title='bbox 2556 2301 2699 2343; x_wconf 88' lang='lat' dir='ltr'><strong>erratis</strong></span> <span class='ocrx_word' id='word_1_296' title='bbox 2728 2312 2816 2343; x_wconf 90' lang='lat' dir='ltr'><strong>eam</strong></span> 
     </span>
     <span class='ocr_line' id='line_1_27' title="bbox 240 2379 2816 2437; baseline -0.001 -14"><span class='ocrx_word' id='word_1_297' title='bbox 240 2382 431 2436; x_wconf 89' lang='lat' dir='ltr'><strong>reposuit.</strong></span> <span class='ocrx_word' id='word_1_298' title='bbox 493 2381 713 2424; x_wconf 83' lang='lat' dir='ltr'><strong>Glareanus</strong></span> <span class='ocrx_word' id='word_1_299' title='bbox 743 2393 826 2424; x_wconf 91' lang='lat' dir='ltr'><strong>non</strong></span> <span class='ocrx_word' id='word_1_300' title='bbox 855 2382 1081 2437; x_wconf 88' lang='lat' dir='ltr'><strong>intelligere</strong></span> <span class='ocrx_word' id='word_1_301' title='bbox 1109 2394 1153 2424; x_wconf 92' lang='lat' dir='ltr'><strong>se</strong></span> <span class='ocrx_word' id='word_1_302' title='bbox 1183 2382 1352 2433; x_wconf 87' lang='lat' dir='ltr'><strong>fatetur,</strong></span> <span class='ocrx_word' id='word_1_303' title='bbox 1384 2392 1593 2435; x_wconf 90' lang='lat' dir='ltr'><strong>quamnam</strong></span> <span class='ocrx_word' id='word_1_304' title='bbox 1626 2390 1677 2420; x_wconf 93' lang='lat' dir='ltr'><strong>eo</strong></span> <span class='ocrx_word' id='word_1_305' title='bbox 1707 2379 1799 2419; x_wconf 90' lang='lat' dir='ltr'><strong>loco</strong></span> <span class='ocrx_word' id='word_1_306' title='bbox 1830 2379 1910 2419; x_wconf 90' lang='lat' dir='ltr'><strong>vim</strong></span> <span class='ocrx_word' id='word_1_307' title='bbox 1940 2379 2097 2420; x_wconf 89' lang='lat' dir='ltr'><strong>habeat.</strong></span> <span class='ocrx_word' id='word_1_308' title='bbox 2156 2379 2508 2422; x_wconf 89' lang='lat' dir='ltr'><strong>Drakenborchius</strong></span> <span class='ocrx_word' id='word_1_309' title='bbox 2537 2380 2710 2434; x_wconf 89' lang='lat' dir='ltr'><strong>denique</strong></span> <span class='ocrx_word' id='word_1_310' title='bbox 2740 2379 2816 2421; x_wconf 91' lang='lat' dir='ltr'><strong>ad-</strong></span> 
     </span>
     <span class='ocr_line' id='line_1_28' title="bbox 238 2460 2757 2516; baseline -0.001 -13"><span class='ocrx_word' id='word_1_311' title='bbox 238 2460 392 2516; x_wconf 86' lang='lat' dir='ltr'><strong>jungit:</strong></span> <span class='ocrx_word' id='word_1_312' title='bbox 423 2462 457 2502; x_wconf 84' lang='lat' dir='ltr'><strong>si</strong></span> <span class='ocrx_word' id='word_1_313' title='bbox 485 2461 526 2503; x_wconf 93' lang='lat' dir='ltr'><strong>id</strong></span> <span class='ocrx_word' id='word_1_314' title='bbox 554 2462 634 2504; x_wconf 88' lang='lat' dir='ltr'><strong>mei</strong></span> <span class='ocrx_word' id='word_1_315' title='bbox 664 2462 816 2504; x_wconf 87' lang='lat' dir='ltr'><strong>arbitrii</strong></span> <span class='ocrx_word' id='word_1_316' title='bbox 845 2462 918 2514; x_wconf 91' lang='lat' dir='ltr'><strong>sit,</strong></span> <span class='ocrx_word' id='word_1_317' title='bbox 950 2462 1132 2503; x_wconf 86' lang='lat' dir='ltr'><strong>voculam</strong></span> <span class='ocrx_word' id='word_1_318' title='bbox 1161 2472 1244 2505; x_wconf 84' lang='lat' dir='ltr'><strong>non</strong></span> <span class='ocrx_word' id='word_1_319' title='bbox 1274 2462 1432 2503; x_wconf 87' lang='lat' dir='ltr'><strong>delebo.</strong></span> <span class='ocrx_word' id='word_1_320' title='bbox 1491 2462 1541 2503; x_wconf 87' lang='lat' dir='ltr'><strong>Et</strong></span> <span class='ocrx_word' id='word_1_321' title='bbox 1572 2463 1794 2503; x_wconf 91' lang='lat' dir='ltr'><strong>omiserunt</strong></span> <span class='ocrx_word' id='word_1_322' title='bbox 1823 2473 1911 2502; x_wconf 91' lang='lat' dir='ltr'><strong>eam</strong></span> <span class='ocrx_word' id='word_1_323' title='bbox 1942 2466 1983 2503; x_wconf 92' lang='lat' dir='ltr'><strong>et</strong></span> <span class='ocrx_word' id='word_1_324' title='bbox 2012 2461 2367 2504; x_wconf 86' lang='lat' dir='ltr'><strong>Weissenbornius</strong></span> <span class='ocrx_word' id='word_1_325' title='bbox 2397 2465 2438 2503; x_wconf 91' lang='lat' dir='ltr'><strong>et</strong></span> <span class='ocrx_word' id='word_1_326' title='bbox 2468 2460 2757 2503; x_wconf 83' lang='lat' dir='ltr'><strong>Alschefskius.</strong></span> 
     </span>
    </p>

    <p class='ocr_par' dir='ltr' id='par_1_11' title="bbox 238 2539 2816 2918">
     <span class='ocr_line' id='line_1_29' title="bbox 356 2539 2816 2597; baseline -0.001 -16"><span class='ocrx_word' id='word_1_327' title='bbox 356 2540 591 2593; x_wconf 87' lang='lat' dir='ltr'><strong>Videamus,</strong></span> <span class='ocrx_word' id='word_1_328' title='bbox 622 2541 718 2595; x_wconf 88' lang='lat' dir='ltr'><strong>quid</strong></span> <span class='ocrx_word' id='word_1_329' title='bbox 748 2541 796 2583; x_wconf 91' lang='lat' dir='ltr'><strong>ad</strong></span> <span class='ocrx_word' id='word_1_330' title='bbox 826 2542 1067 2584; x_wconf 89' lang='lat' dir='ltr'><strong>sententiam</strong></span> <span class='ocrx_word' id='word_1_331' title='bbox 1097 2541 1226 2582; x_wconf 89' lang='lat' dir='ltr'><strong>valeat</strong></span> <span class='ocrx_word' id='word_1_332' title='bbox 1255 2545 1296 2583; x_wconf 91' lang='lat' dir='ltr'><strong>et</strong></span> <span class='ocrx_word' id='word_1_333' title='bbox 1324 2541 1455 2583; x_wconf 89' lang='lat' dir='ltr'><strong>addita</strong></span> <span class='ocrx_word' id='word_1_334' title='bbox 1485 2542 1647 2597; x_wconf 88' lang='lat' dir='ltr'><strong>negatio</strong></span> <span class='ocrx_word' id='word_1_335' title='bbox 1677 2545 1718 2583; x_wconf 94' lang='lat' dir='ltr'><strong>et</strong></span> <span class='ocrx_word' id='word_1_336' title='bbox 1746 2540 1906 2583; x_wconf 90' lang='lat' dir='ltr'><strong>omissa.</strong></span> <span class='ocrx_word' id='word_1_337' title='bbox 1965 2540 2055 2591; x_wconf 84' lang='lat' dir='ltr'><strong>Quo</strong></span> <span class='ocrx_word' id='word_1_338' title='bbox 2087 2540 2194 2584; x_wconf 81' lang='lat' dir='ltr'><strong>sacto</strong></span> <span class='ocrx_word' id='word_1_339' title='bbox 2224 2540 2340 2583; x_wconf 84' lang='lat' dir='ltr'><strong>facile</strong></span> <span class='ocrx_word' id='word_1_340' title='bbox 2368 2540 2594 2594; x_wconf 87' lang='lat' dir='ltr'><strong>apparebit,</strong></span> <span class='ocrx_word' id='word_1_341' title='bbox 2630 2539 2816 2582; x_wconf 89' lang='lat' dir='ltr'><strong>retinen-</strong></span> 
     </span>
     <span class='ocr_line' id='line_1_30' title="bbox 239 2619 2815 2676; baseline -0.002 -12"><span class='ocrx_word' id='word_1_342' title='bbox 239 2621 343 2668; x_wconf 82' lang='lat' dir='ltr'><strong>dane</strong></span> <span class='ocrx_word' id='word_1_343' title='bbox 371 2622 425 2663; x_wconf 90' lang='lat' dir='ltr'><strong>sit</strong></span> <span class='ocrx_word' id='word_1_344' title='bbox 454 2632 506 2662; x_wconf 92' lang='lat' dir='ltr'><strong>an</strong></span> <span class='ocrx_word' id='word_1_345' title='bbox 535 2622 768 2676; x_wconf 89' lang='lat' dir='ltr'><strong>abjicienda.</strong></span> <span class='ocrx_word' id='word_1_346' title='bbox 829 2622 882 2664; x_wconf 87' lang='lat' dir='ltr'><strong>Et</strong></span> <span class='ocrx_word' id='word_1_347' title='bbox 919 2625 1081 2664; x_wconf 87' lang='lat' dir='ltr'><strong>servata</strong></span> <span class='ocrx_word' id='word_1_348' title='bbox 1117 2620 1276 2674; x_wconf 89' lang='lat' dir='ltr'><strong>quidem</strong></span> <span class='ocrx_word' id='word_1_349' title='bbox 1316 2621 1533 2676; x_wconf 89' lang='lat' dir='ltr'><strong>negatione</strong></span> <span class='ocrx_word' id='word_1_350' title='bbox 1571 2620 1672 2663; x_wconf 88' lang='lat' dir='ltr'><strong>haec</strong></span> <span class='ocrx_word' id='word_1_351' title='bbox 1710 2625 1899 2663; x_wconf 91' lang='lat' dir='ltr'><strong>nascetur</strong></span> <span class='ocrx_word' id='word_1_352' title='bbox 1940 2620 2161 2662; x_wconf 88' lang='lat' dir='ltr'><strong>sententia:</strong></span> <span class='ocrx_word' id='word_1_353' title='bbox 2203 2625 2281 2661; x_wconf 83' lang='lat' dir='ltr'><strong>tam</strong></span> <span class='ocrx_word' id='word_1_354' title='bbox 2321 2621 2471 2662; x_wconf 86' lang='lat' dir='ltr'><strong>diutina</strong></span> <span class='ocrx_word' id='word_1_355' title='bbox 2511 2619 2675 2661; x_wconf 78' lang='lat' dir='ltr'><strong>fuerunt</strong></span> <span class='ocrx_word' id='word_1_356' title='bbox 2712 2619 2815 2660; x_wconf 89' lang='lat' dir='ltr'><strong>bella</strong></span> 
     </span>
     <span class='ocr_line' id='line_1_31' title="bbox 239 2698 2814 2767; baseline 0 -27"><span class='ocrx_word' id='word_1_357' title='bbox 239 2711 330 2741; x_wconf 92' lang='lat' dir='ltr'><strong>cum</strong></span> <span class='ocrx_word' id='word_1_358' title='bbox 360 2699 604 2743; x_wconf 89' lang='lat' dir='ltr'><strong>Samnitibus</strong></span> <span class='ocrx_word' id='word_1_359' title='bbox 643 2704 779 2767; x_wconf 78' lang='lat' dir='ltr'><strong>gesta,</strong></span> <span class='ocrx_word' id='word_1_360' title='bbox 818 2705 863 2743; x_wconf 91' lang='lat' dir='ltr'><strong>ut</strong></span> <span class='ocrx_word' id='word_1_361' title='bbox 901 2701 966 2744; x_wconf 87' lang='lat' dir='ltr'><strong>vel</strong></span> <span class='ocrx_word' id='word_1_362' title='bbox 1009 2701 1215 2758; x_wconf 89' lang='lat' dir='ltr'><strong>legentem</strong></span> <span class='ocrx_word' id='word_1_363' title='bbox 1251 2701 1317 2744; x_wconf 87' lang='lat' dir='ltr'><strong>vel</strong></span> <span class='ocrx_word' id='word_1_364' title='bbox 1356 2701 1597 2744; x_wconf 84' lang='lat' dir='ltr'><strong>scribentem</strong></span> <span class='ocrx_word' id='word_1_365' title='bbox 1634 2699 1936 2757; x_wconf 85' lang='lat' dir='ltr'><strong>longinquitatis</strong></span> <span class='ocrx_word' id='word_1_366' title='bbox 1973 2712 2116 2743; x_wconf 90' lang='lat' dir='ltr'><strong>eorum</strong></span> <span class='ocrx_word' id='word_1_367' title='bbox 2151 2700 2310 2756; x_wconf 87' lang='lat' dir='ltr'><strong>pigeat,</strong></span> <span class='ocrx_word' id='word_1_368' title='bbox 2350 2699 2459 2754; x_wconf 86' lang='lat' dir='ltr'><strong>quod</strong></span> <span class='ocrx_word' id='word_1_369' title='bbox 2499 2698 2605 2742; x_wconf 89' lang='lat' dir='ltr'><strong>idem</strong></span> <span class='ocrx_word' id='word_1_370' title='bbox 2643 2699 2814 2754; x_wconf 86' lang='lat' dir='ltr'><strong>legimus</strong></span> 
     </span>
     <span class='ocr_line' id='line_1_32' title="bbox 239 2777 2814 2837; baseline -0 -15"><span class='ocrx_word' id='word_1_371' title='bbox 239 2780 316 2833; x_wconf 70' lang='lat' dir='ltr'><strong>vl,</strong></span> <span class='ocrx_word' id='word_1_372' title='bbox 358 2781 427 2823; x_wconf 83' lang='lat'><strong>12.</strong></span> <span class='ocrx_word' id='word_1_373' title='bbox 466 2782 516 2822; x_wconf 86' lang='lat'><strong>2:</strong></span> <span class='ocrx_word' id='word_1_374' title='bbox 564 2792 666 2821; x_wconf 89' lang='lat' dir='ltr'><strong>non</strong></span> <span class='ocrx_word' id='word_1_375' title='bbox 715 2781 899 2822; x_wconf 89' lang='lat' dir='ltr'><strong>dubito</strong></span> <span class='ocrx_word' id='word_1_376' title='bbox 947 2786 1167 2837; x_wconf 90' lang='lat' dir='ltr'><strong>praeter</strong></span> <span class='ocrx_word' id='word_1_377' title='bbox 1208 2780 1527 2825; x_wconf 69' lang='lat' dir='ltr'><strong>satietatem</strong></span> <span class='ocrx_word' id='word_1_378' title='bbox 1567 2784 1645 2822; x_wconf 93' lang='lat' dir='ltr'><strong>tot</strong></span> <span class='ocrx_word' id='word_1_379' title='bbox 1677 2781 1779 2837; x_wconf 80' lang='lat' dir='ltr'><strong>Jam</strong></span> <span class='ocrx_word' id='word_1_380' title='bbox 1818 2780 1977 2823; x_wconf 88' lang='lat' dir='ltr'><strong>libris</strong></span> <span class='ocrx_word' id='word_1_381' title='bbox 2015 2779 2228 2823; x_wconf 90' lang='lat' dir='ltr'><strong>assidua</strong></span> <span class='ocrx_word' id='word_1_382' title='bbox 2267 2779 2408 2823; x_wconf 88' lang='lat' dir='ltr'><strong>bella</strong></span> <span class='ocrx_word' id='word_1_383' title='bbox 2448 2792 2559 2823; x_wconf 91' lang='lat' dir='ltr'><strong>cum</strong></span> <span class='ocrx_word' id='word_1_384' title='bbox 2599 2777 2814 2822; x_wconf 88' lang='lat' dir='ltr'><strong>Vulscis</strong></span> 
     </span>
     <span class='ocr_line' id='line_1_33' title="bbox 238 2861 942 2918; baseline 0 -15"><span class='ocrx_word' id='word_1_385' title='bbox 238 2865 393 2916; x_wconf 87' lang='lat' dir='ltr'><strong>gesta</strong></span> <span class='ocrx_word' id='word_1_386' title='bbox 420 2861 736 2918; x_wconf 90' lang='lat' dir='ltr'><strong>legentibus</strong></span> <span class='ocrx_word' id='word_1_387' title='bbox 766 2866 808 2903; x_wconf 93' lang='lat' dir='ltr'><strong>et</strong></span> <span class='ocrx_word' id='word_1_388' title='bbox 841 2874 880 2915; x_wconf 91' lang='lat' dir='ltr'><strong>q.</strong></span> <span class='ocrx_word' id='word_1_389' title='bbox 911 2874 942 2903; x_wconf 92' lang='lat' dir='ltr'><strong>s.</strong></span> 
     </span>
    </p>

    <p class='ocr_par' dir='ltr' id='par_1_12' title="bbox 236 2940 2815 3080">
     <span class='ocr_line' id='line_1_34' title="bbox 352 2940 2815 3000; baseline -0.001 -15"><span class='ocrx_word' id='word_1_390' title='bbox 352 2942 517 2998; x_wconf 87' lang='lat' dir='ltr'><strong>Rejecta</strong></span> <span class='ocrx_word' id='word_1_391' title='bbox 547 2943 768 3000; x_wconf 88' lang='lat' dir='ltr'><strong>negatione</strong></span> <span class='ocrx_word' id='word_1_392' title='bbox 796 2942 898 2985; x_wconf 88' lang='lat' dir='ltr'><strong>haec</strong></span> <span class='ocrx_word' id='word_1_393' title='bbox 929 2943 1080 2985; x_wconf 88' lang='lat' dir='ltr'><strong>orietur</strong></span> <span class='ocrx_word' id='word_1_394' title='bbox 1109 2943 1332 2985; x_wconf 84' lang='lat' dir='ltr'><strong>sententia:</strong></span> <span class='ocrx_word' id='word_1_395' title='bbox 1370 2946 1478 2984; x_wconf 87' lang='lat' dir='ltr'><strong>tanta</strong></span> <span class='ocrx_word' id='word_1_396' title='bbox 1509 2942 1584 2985; x_wconf 79' lang='lat' dir='ltr'><strong>suit</strong></span> <span class='ocrx_word' id='word_1_397' title='bbox 1614 2941 1844 2985; x_wconf 90' lang='lat' dir='ltr'><strong>Samnitium</strong></span> <span class='ocrx_word' id='word_1_398' title='bbox 1881 2943 1924 2985; x_wconf 89' lang='lat' dir='ltr'><strong>in</strong></span> <span class='ocrx_word' id='word_1_399' title='bbox 1964 2943 2040 2985; x_wconf 89' lang='lat' dir='ltr'><strong>illis</strong></span> <span class='ocrx_word' id='word_1_400' title='bbox 2077 2943 2192 2986; x_wconf 85' lang='lat' dir='ltr'><strong>bellis</strong></span> <span class='ocrx_word' id='word_1_401' title='bbox 2232 2942 2423 3000; x_wconf 92' lang='lat' dir='ltr'><strong>gerendis</strong></span> <span class='ocrx_word' id='word_1_402' title='bbox 2461 2940 2731 2994; x_wconf 87' lang='lat' dir='ltr'><strong>contumacia,</strong></span> <span class='ocrx_word' id='word_1_403' title='bbox 2770 2943 2815 2983; x_wconf 91' lang='lat' dir='ltr'><strong>ut</strong></span> 
     </span>
     <span class='ocr_line' id='line_1_35' title="bbox 236 3021 1497 3080; baseline -0.001 -15"><span class='ocrx_word' id='word_1_404' title='bbox 236 3033 359 3066; x_wconf 88' lang='lat' dir='ltr'><strong>nemo</strong></span> <span class='ocrx_word' id='word_1_405' title='bbox 388 3022 533 3066; x_wconf 86' lang='lat' dir='ltr'><strong>debeat</strong></span> <span class='ocrx_word' id='word_1_406' title='bbox 559 3024 603 3066; x_wconf 89' lang='lat' dir='ltr'><strong>in</strong></span> <span class='ocrx_word' id='word_1_407' title='bbox 631 3024 682 3067; x_wconf 92' lang='lat' dir='ltr'><strong>iis</strong></span> <span class='ocrx_word' id='word_1_408' title='bbox 710 3021 895 3080; x_wconf 89' lang='lat' dir='ltr'><strong>legendis</strong></span> <span class='ocrx_word' id='word_1_409' title='bbox 924 3027 992 3066; x_wconf 91' lang='lat' dir='ltr'><strong>aut</strong></span> <span class='ocrx_word' id='word_1_410' title='bbox 1020 3023 1244 3067; x_wconf 86' lang='lat' dir='ltr'><strong>scribendis</strong></span> <span class='ocrx_word' id='word_1_411' title='bbox 1273 3021 1497 3079; x_wconf 74' lang='lat' dir='ltr'><strong>defatigari.</strong></span> 
     </span>
    </p>

    <p class='ocr_par' dir='ltr' id='par_1_13' title="bbox 236 3100 2815 3323">
     <span class='ocr_line' id='line_1_36' title="bbox 349 3100 2814 3161; baseline -0.001 -15"><span class='ocrx_word' id='word_1_412' title='bbox 349 3101 475 3158; x_wconf 81' lang='lat' dir='ltr'><strong>Atqui</strong></span> <span class='ocrx_word' id='word_1_413' title='bbox 503 3105 633 3147; x_wconf 90' lang='lat' dir='ltr'><strong>minus</strong></span> <span class='ocrx_word' id='word_1_414' title='bbox 663 3108 800 3160; x_wconf 84' lang='lat' dir='ltr'><strong>aptum</strong></span> <span class='ocrx_word' id='word_1_415' title='bbox 829 3102 989 3147; x_wconf 89' lang='lat' dir='ltr'><strong>videtur</strong></span> <span class='ocrx_word' id='word_1_416' title='bbox 1016 3104 1201 3161; x_wconf 88' lang='lat' dir='ltr'><strong>legentes</strong></span> <span class='ocrx_word' id='word_1_417' title='bbox 1230 3103 1457 3156; x_wconf 86' lang='lat' dir='ltr'><strong>adhortari,</strong></span> <span class='ocrx_word' id='word_1_418' title='bbox 1495 3114 1547 3145; x_wconf 92' lang='lat' dir='ltr'><strong>ne</strong></span> <span class='ocrx_word' id='word_1_419' title='bbox 1587 3115 1662 3146; x_wconf 91' lang='lat' dir='ltr'><strong>eos</strong></span> <span class='ocrx_word' id='word_1_420' title='bbox 1700 3105 1836 3161; x_wconf 88' lang='lat' dir='ltr'><strong>pigeat</strong></span> <span class='ocrx_word' id='word_1_421' title='bbox 1873 3104 2016 3161; x_wconf 88' lang='lat' dir='ltr'><strong>legere</strong></span> <span class='ocrx_word' id='word_1_422' title='bbox 2044 3104 2096 3146; x_wconf 92' lang='lat' dir='ltr'><strong>ob</strong></span> <span class='ocrx_word' id='word_1_423' title='bbox 2127 3116 2215 3147; x_wconf 84' lang='lat' dir='ltr'><strong>eam</strong></span> <span class='ocrx_word' id='word_1_424' title='bbox 2255 3114 2438 3156; x_wconf 86' lang='lat' dir='ltr'><strong>causam,</strong></span> <span class='ocrx_word' id='word_1_425' title='bbox 2478 3101 2589 3157; x_wconf 89' lang='lat' dir='ltr'><strong>quod</strong></span> <span class='ocrx_word' id='word_1_426' title='bbox 2617 3100 2814 3146; x_wconf 77' lang='lat' dir='ltr'><strong>Samnites</strong></span> 
     </span>
     <span class='ocr_line' id='line_1_37' title="bbox 236 3180 2815 3243; baseline -0.001 -18"><span class='ocrx_word' id='word_1_427' title='bbox 236 3180 390 3240; x_wconf 75' lang='lat' dir='ltr'><strong>fatigati</strong></span> <span class='ocrx_word' id='word_1_428' title='bbox 419 3194 505 3227; x_wconf 90' lang='lat' dir='ltr'><strong>non</strong></span> <span class='ocrx_word' id='word_1_429' title='bbox 532 3184 613 3226; x_wconf 89' lang='lat' dir='ltr'><strong>sint</strong></span> <span class='ocrx_word' id='word_1_430' title='bbox 642 3185 836 3242; x_wconf 84' lang='lat' dir='ltr'><strong>gerendis</strong></span> <span class='ocrx_word' id='word_1_431' title='bbox 863 3184 940 3229; x_wconf 89' lang='lat' dir='ltr'><strong>illis</strong></span> <span class='ocrx_word' id='word_1_432' title='bbox 968 3184 1095 3227; x_wconf 89' lang='lat' dir='ltr'><strong>bellis.</strong></span> <span class='ocrx_word' id='word_1_433' title='bbox 1156 3185 1254 3235; x_wconf 82' lang='lat' dir='ltr'><strong>Quis</strong></span> <span class='ocrx_word' id='word_1_434' title='bbox 1283 3187 1349 3227; x_wconf 89' lang='lat' dir='ltr'><strong>est</strong></span> <span class='ocrx_word' id='word_1_435' title='bbox 1379 3184 1486 3226; x_wconf 87' lang='lat' dir='ltr'><strong>enim</strong></span> <span class='ocrx_word' id='word_1_436' title='bbox 1500 3215 1513 3237; x_wconf 94' lang='lat'><strong>,</strong></span> <span class='ocrx_word' id='word_1_437' title='bbox 1553 3184 1623 3238; x_wconf 88' lang='lat' dir='ltr'><strong>qui</strong></span> <span class='ocrx_word' id='word_1_438' title='bbox 1649 3184 1715 3227; x_wconf 87' lang='lat' dir='ltr'><strong>tali</strong></span> <span class='ocrx_word' id='word_1_439' title='bbox 1745 3189 1984 3243; x_wconf 84' lang='lat' dir='ltr'><strong>argumento</strong></span> <span class='ocrx_word' id='word_1_440' title='bbox 2013 3185 2254 3229; x_wconf 80' lang='lat' dir='ltr'><strong>moveatur?</strong></span> <span class='ocrx_word' id='word_1_441' title='bbox 2283 3183 2455 3239; x_wconf 82' lang='lat' dir='ltr'><strong>Contra,</strong></span> <span class='ocrx_word' id='word_1_442' title='bbox 2485 3184 2520 3228; x_wconf 85' lang='lat' dir='ltr'><strong>si</strong></span> <span class='ocrx_word' id='word_1_443' title='bbox 2548 3183 2713 3240; x_wconf 77' lang='lat' dir='ltr'><strong>negatio</strong></span> <span class='ocrx_word' id='word_1_444' title='bbox 2740 3192 2815 3224; x_wconf 85' lang='lat' dir='ltr'><strong>re-</strong></span> 
     </span>
     <span class='ocr_line' id='line_1_38' title="bbox 236 3263 2814 3323; baseline -0.001 -16"><span class='ocrx_word' id='word_1_445' title='bbox 236 3263 422 3318; x_wconf 80' lang='lat' dir='ltr'><strong>ponitur,</strong></span> <span class='ocrx_word' id='word_1_446' title='bbox 451 3276 502 3310; x_wconf 82' lang='lat' dir='ltr'><strong>ea</strong></span> <span class='ocrx_word' id='word_1_447' title='bbox 533 3265 691 3309; x_wconf 88' lang='lat' dir='ltr'><strong>ratione</strong></span> <span class='ocrx_word' id='word_1_448' title='bbox 720 3267 896 3323; x_wconf 89' lang='lat' dir='ltr'><strong>scriptor</strong></span> <span class='ocrx_word' id='word_1_449' title='bbox 924 3266 1227 3310; x_wconf 80' lang='lat' dir='ltr'><strong>admirationem</strong></span> <span class='ocrx_word' id='word_1_450' title='bbox 1256 3264 1504 3309; x_wconf 81' lang='lat' dir='ltr'><strong>fortitudinis</strong></span> <span class='ocrx_word' id='word_1_451' title='bbox 1543 3268 1586 3308; x_wconf 86' lang='lat' dir='ltr'><strong>et</strong></span> <span class='ocrx_word' id='word_1_452' title='bbox 1616 3266 1863 3308; x_wconf 85' lang='lat' dir='ltr'><strong>constantiae</strong></span> <span class='ocrx_word' id='word_1_453' title='bbox 1902 3265 2058 3309; x_wconf 80' lang='lat' dir='ltr'><strong>illarum</strong></span> <span class='ocrx_word' id='word_1_454' title='bbox 2095 3265 2276 3322; x_wconf 85' lang='lat' dir='ltr'><strong>gentium</strong></span> <span class='ocrx_word' id='word_1_455' title='bbox 2311 3264 2462 3308; x_wconf 82' lang='lat' dir='ltr'><strong>excitat</strong></span> <span class='ocrx_word' id='word_1_456' title='bbox 2499 3263 2686 3320; x_wconf 76' lang='lat' dir='ltr'><strong>fatigatas</strong></span> <span class='ocrx_word' id='word_1_457' title='bbox 2721 3271 2814 3305; x_wconf 76' lang='lat' dir='ltr'><strong>esse</strong></span> 
     </span>
    </p>
   </div>
  </div>
 </body>
</html>
